snapshot_ts_ms,side,price,size
1779517911006,bid,0.64,211.62
1779517911006,bid,0.63,896.72
1779517911006,bid,0.6,200
1779517911006,bid,0.59,200
1779517911006,bid,0.58,480
1779517911006,bid,0.57,1200
1779517911006,bid,0.56,200
1779517911006,bid,0.54,200
1779517911006,bid,0.42,649
1779517911006,bid,0.41,898.98
1779517911006,bid,0.4,1900
1779517911006,bid,0.35,914.4
1779517911006,bid,0.34,3043.57
1779517911006,bid,0.33,99.99
1779517911006,bid,0.32,1235.29
1779517911006,bid,0.29,2076.05
1779517911006,bid,0.28,5379.02
1779517911006,bid,0.26,500
1779517911006,bid,0.25,400
1779517911006,bid,0.24,4166.66
1779517911006,bid,0.21,6661.9
1779517911006,bid,0.17,7870.58
1779517911006,bid,0.16,203.5
1779517911006,bid,0.14,10052.71
1779517911006,bid,0.12,2566
1779517911006,bid,0.11,2104.76
1779517911006,bid,0.1,16400
1779517911006,bid,0.08,1890.68
1779517911006,bid,0.07,25368.65
1779517911006,bid,0.05,20
1779517911006,bid,0.04,16928.27
1779517911006,bid,0.03,67266.66
1779517911006,bid,0.02,8824
1779517911006,bid,0.01,4096
1779517911006,ask,0.66,5.99
1779517911006,ask,0.67,8
1779517911006,ask,0.68,127.55
1779517911006,ask,0.69,20.73
1779517911006,ask,0.7,1587.28
1779517911006,ask,0.71,84.3
1779517911006,ask,0.72,1940.46
1779517911006,ask,0.73,1610.95
1779517911006,ask,0.74,200
1779517911006,ask,0.75,2973.25
1779517911006,ask,0.76,5346.41
1779517911006,ask,0.78,1787.05
1779517911006,ask,0.8,733.09
1779517911006,ask,0.81,200
1779517911006,ask,0.82,200
1779517911006,ask,0.83,3204.81
1779517911006,ask,0.84,200.1
1779517911006,ask,0.85,2292.62
1779517911006,ask,0.86,8999.35
1779517911006,ask,0.87,8170.69
1779517911006,ask,0.89,9090.9
1779517911006,ask,0.9,2451.57
1779517911006,ask,0.91,14222.21
1779517911006,ask,0.92,375
1779517911006,ask,0.93,18571.42
1779517911006,ask,0.94,500
1779517911006,ask,0.95,33350
1779517911006,ask,0.96,36069.07
1779517911006,ask,0.97,13556.15
1779517911006,ask,0.98,110687.5
1779517911006,ask,0.99,16262
1779518284942,bid,0.65,200
1779518284942,bid,0.64,411.62
1779518284942,bid,0.63,896.72
1779518284942,bid,0.6,200
1779518284942,bid,0.59,200
1779518284942,bid,0.58,480
1779518284942,bid,0.57,1200
1779518284942,bid,0.56,200
1779518284942,bid,0.54,200
1779518284942,bid,0.42,649
1779518284942,bid,0.41,898.98
1779518284942,bid,0.4,1900
1779518284942,bid,0.35,914.4
1779518284942,bid,0.34,3043.57
1779518284942,bid,0.33,99.99
1779518284942,bid,0.32,1235.29
1779518284942,bid,0.3,966
1779518284942,bid,0.29,2076.05
1779518284942,bid,0.28,5379.02
1779518284942,bid,0.26,500
1779518284942,bid,0.25,400
1779518284942,bid,0.24,4166.66
1779518284942,bid,0.22,1381
1779518284942,bid,0.21,6661.9
1779518284942,bid,0.17,7870.58
1779518284942,bid,0.16,203.5
1779518284942,bid,0.15,2113
1779518284942,bid,0.14,10052.71
1779518284942,bid,0.11,2104.76
1779518284942,bid,0.1,16400
1779518284942,bid,0.08,1890.68
1779518284942,bid,0.07,25368.65
1779518284942,bid,0.05,12220
1779518284942,bid,0.04,2628.27
1779518284942,bid,0.03,67266.66
1779518284942,bid,0.02,8824
1779518284942,bid,0.01,4096
1779518284942,ask,0.66,5.99
1779518284942,ask,0.67,8
1779518284942,ask,0.68,151.76
1779518284942,ask,0.7,1555
1779518284942,ask,0.71,84.3
1779518284942,ask,0.72,1913.09
1779518284942,ask,0.73,1610.95
1779518284942,ask,0.74,200
1779518284942,ask,0.75,2973.25
1779518284942,ask,0.76,5346.41
1779518284942,ask,0.78,1787.05
1779518284942,ask,0.8,733.09
1779518284942,ask,0.81,200
1779518284942,ask,0.82,200
1779518284942,ask,0.83,3204.81
1779518284942,ask,0.84,200.1
1779518284942,ask,0.85,2292.62
1779518284942,ask,0.86,5731.08
1779518284942,ask,0.87,478.39
1779518284942,ask,0.88,8333.33
1779518284942,ask,0.89,9090.9
1779518284942,ask,0.9,600
1779518284942,ask,0.91,14222.21
1779518284942,ask,0.92,375
1779518284942,ask,0.93,18571.42
1779518284942,ask,0.94,500
1779518284942,ask,0.95,33350
1779518284942,ask,0.96,14729
1779518284942,ask,0.97,48222.81
1779518284942,ask,0.98,110687.5
1779518284942,ask,0.99,16262
1779518395802,bid,0.65,200
1779518395802,bid,0.64,211.62
1779518395802,bid,0.63,896.72
1779518395802,bid,0.6,200
1779518395802,bid,0.59,200
1779518395802,bid,0.58,480
1779518395802,bid,0.57,1200
1779518395802,bid,0.56,200
1779518395802,bid,0.54,200
1779518395802,bid,0.42,649
1779518395802,bid,0.41,898.98
1779518395802,bid,0.4,1900
1779518395802,bid,0.35,914.4
1779518395802,bid,0.34,3043.57
1779518395802,bid,0.33,99.99
1779518395802,bid,0.32,1235.29
1779518395802,bid,0.3,903
1779518395802,bid,0.29,2076.05
1779518395802,bid,0.28,5379.02
1779518395802,bid,0.26,500
1779518395802,bid,0.25,400
1779518395802,bid,0.24,4166.66
1779518395802,bid,0.22,1295
1779518395802,bid,0.21,6661.9
1779518395802,bid,0.17,7870.58
1779518395802,bid,0.16,203.5
1779518395802,bid,0.15,1986
1779518395802,bid,0.14,10052.71
1779518395802,bid,0.11,2104.76
1779518395802,bid,0.1,16400
1779518395802,bid,0.08,1890.68
1779518395802,bid,0.07,25368.65
1779518395802,bid,0.05,12220
1779518395802,bid,0.04,2628.27
1779518395802,bid,0.03,67266.66
1779518395802,bid,0.02,8824
1779518395802,bid,0.01,4096
1779518395802,ask,0.67,5.99
1779518395802,ask,0.68,127.55
1779518395802,ask,0.69,24.21
1779518395802,ask,0.7,1587.28
1779518395802,ask,0.71,108.51
1779518395802,ask,0.72,1913.09
1779518395802,ask,0.73,1610.95
1779518395802,ask,0.74,200
1779518395802,ask,0.75,2973.25
1779518395802,ask,0.76,5346.41
1779518395802,ask,0.78,1787.05
1779518395802,ask,0.81,200
1779518395802,ask,0.82,200
1779518395802,ask,0.83,3204.81
1779518395802,ask,0.84,200.1
1779518395802,ask,0.85,2292.62
1779518395802,ask,0.86,5731.08
1779518395802,ask,0.87,478.39
1779518395802,ask,0.88,8333.33
1779518395802,ask,0.89,9090.9
1779518395802,ask,0.9,1234.91
1779518395802,ask,0.91,14222.21
1779518395802,ask,0.92,375
1779518395802,ask,0.93,18571.42
1779518395802,ask,0.94,500
1779518395802,ask,0.95,33350
1779518395802,ask,0.96,5554
1779518395802,ask,0.97,61055.81
1779518395802,ask,0.98,110687.5
1779518395802,ask,0.99,16262
1779518530006,bid,0.65,200
1779518530006,bid,0.64,211.62
1779518530006,bid,0.63,896.72
1779518530006,bid,0.6,200
1779518530006,bid,0.59,200
1779518530006,bid,0.58,480
1779518530006,bid,0.57,1200
1779518530006,bid,0.56,200
1779518530006,bid,0.54,200
1779518530006,bid,0.42,649
1779518530006,bid,0.41,898.98
1779518530006,bid,0.4,1900
1779518530006,bid,0.35,914.4
1779518530006,bid,0.34,3043.57
1779518530006,bid,0.33,99.99
1779518530006,bid,0.32,1235.29
1779518530006,bid,0.29,2076.05
1779518530006,bid,0.28,5379.02
1779518530006,bid,0.26,500
1779518530006,bid,0.25,400
1779518530006,bid,0.24,4166.66
1779518530006,bid,0.21,6661.9
1779518530006,bid,0.17,7870.58
1779518530006,bid,0.16,203.5
1779518530006,bid,0.15,1986
1779518530006,bid,0.14,10052.71
1779518530006,bid,0.11,2104.76
1779518530006,bid,0.1,16400
1779518530006,bid,0.08,1890.68
1779518530006,bid,0.07,25368.65
1779518530006,bid,0.05,12220
1779518530006,bid,0.04,2628.27
1779518530006,bid,0.03,67266.66
1779518530006,bid,0.02,8824
1779518530006,bid,0.01,4096
1779518530006,ask,0.67,5.99
1779518530006,ask,0.68,127.55
1779518530006,ask,0.69,24.21
1779518530006,ask,0.7,1587.28
1779518530006,ask,0.71,108.51
1779518530006,ask,0.72,1913.09
1779518530006,ask,0.73,1610.95
1779518530006,ask,0.74,200
1779518530006,ask,0.75,2973.25
1779518530006,ask,0.76,5346.41
1779518530006,ask,0.78,1787.05
1779518530006,ask,0.81,200
1779518530006,ask,0.82,200
1779518530006,ask,0.83,3204.81
1779518530006,ask,0.84,200.1
1779518530006,ask,0.85,2292.62
1779518530006,ask,0.86,5731.08
1779518530006,ask,0.87,478.39
1779518530006,ask,0.88,8333.33
1779518530006,ask,0.89,9090.9
1779518530006,ask,0.9,1234.91
1779518530006,ask,0.91,14222.21
1779518530006,ask,0.92,375
1779518530006,ask,0.93,18571.42
1779518530006,ask,0.94,500
1779518530006,ask,0.95,33350
1779518530006,ask,0.96,5554
1779518530006,ask,0.97,61055.81
1779518530006,ask,0.98,110687.5
1779518530006,ask,0.99,16262
1779518660802,bid,0.65,200
1779518660802,bid,0.64,211.62
1779518660802,bid,0.63,896.72
1779518660802,bid,0.6,200
1779518660802,bid,0.59,200
1779518660802,bid,0.58,480
1779518660802,bid,0.57,1200
1779518660802,bid,0.56,200
1779518660802,bid,0.54,200
1779518660802,bid,0.42,649
1779518660802,bid,0.41,898.98
1779518660802,bid,0.4,1900
1779518660802,bid,0.35,914.4
1779518660802,bid,0.34,3043.57
1779518660802,bid,0.33,99.99
1779518660802,bid,0.32,1235.29
1779518660802,bid,0.3,903
1779518660802,bid,0.29,2076.05
1779518660802,bid,0.28,5379.02
1779518660802,bid,0.26,500
1779518660802,bid,0.25,400
1779518660802,bid,0.24,4166.66
1779518660802,bid,0.22,1295
1779518660802,bid,0.21,6661.9
1779518660802,bid,0.17,7870.58
1779518660802,bid,0.16,203.5
1779518660802,bid,0.15,1986
1779518660802,bid,0.14,10052.71
1779518660802,bid,0.11,2104.76
1779518660802,bid,0.1,16400
1779518660802,bid,0.08,1890.68
1779518660802,bid,0.07,25368.65
1779518660802,bid,0.05,12220
1779518660802,bid,0.04,2628.27
1779518660802,bid,0.03,67266.66
1779518660802,bid,0.02,8824
1779518660802,bid,0.01,4096
1779518660802,ask,0.67,5.99
1779518660802,ask,0.68,127.55
1779518660802,ask,0.69,24.21
1779518660802,ask,0.7,1587.28
1779518660802,ask,0.71,108.51
1779518660802,ask,0.72,1913.09
1779518660802,ask,0.73,1610.95
1779518660802,ask,0.74,200
1779518660802,ask,0.75,2973.25
1779518660802,ask,0.76,5346.41
1779518660802,ask,0.78,1787.05
1779518660802,ask,0.81,200
1779518660802,ask,0.82,200
1779518660802,ask,0.83,3204.81
1779518660802,ask,0.84,200.1
1779518660802,ask,0.85,2292.62
1779518660802,ask,0.86,5731.08
1779518660802,ask,0.87,478.39
1779518660802,ask,0.88,8333.33
1779518660802,ask,0.89,9090.9
1779518660802,ask,0.9,1234.91
1779518660802,ask,0.91,14222.21
1779518660802,ask,0.92,375
1779518660802,ask,0.93,18571.42
1779518660802,ask,0.94,500
1779518660802,ask,0.95,33350
1779518660802,ask,0.96,5554
1779518660802,ask,0.97,61055.81
1779518660802,ask,0.98,110687.5
1779518660802,ask,0.99,16262
1779519037548,bid,0.64,205
1779519037548,bid,0.63,908.34
1779519037548,bid,0.6,200
1779519037548,bid,0.59,200
1779519037548,bid,0.58,480
1779519037548,bid,0.57,1200
1779519037548,bid,0.56,200
1779519037548,bid,0.54,200
1779519037548,bid,0.42,10
1779519037548,bid,0.41,560
1779519037548,bid,0.4,1900
1779519037548,bid,0.36,781.25
1779519037548,bid,0.35,1683.63
1779519037548,bid,0.34,3043.57
1779519037548,bid,0.33,99.99
1779519037548,bid,0.32,500
1779519037548,bid,0.3,873
1779519037548,bid,0.29,2076.05
1779519037548,bid,0.28,5379.02
1779519037548,bid,0.26,500
1779519037548,bid,0.25,400
1779519037548,bid,0.24,4166.66
1779519037548,bid,0.22,1245
1779519037548,bid,0.21,6661.9
1779519037548,bid,0.17,7870.58
1779519037548,bid,0.16,203.5
1779519037548,bid,0.14,10052.71
1779519037548,bid,0.12,2483
1779519037548,bid,0.11,2104.76
1779519037548,bid,0.1,16400
1779519037548,bid,0.08,1890.68
1779519037548,bid,0.07,25368.65
1779519037548,bid,0.05,20
1779519037548,bid,0.04,16678.27
1779519037548,bid,0.03,67266.66
1779519037548,bid,0.02,8824
1779519037548,bid,0.01,4096
1779519037548,ask,0.67,60
1779519037548,ask,0.68,132.55
1779519037548,ask,0.69,64.49
1779519037548,ask,0.7,1555
1779519037548,ask,0.71,108.51
1779519037548,ask,0.72,1913.09
1779519037548,ask,0.73,1610.95
1779519037548,ask,0.74,200
1779519037548,ask,0.75,2973.25
1779519037548,ask,0.76,5346.41
1779519037548,ask,0.78,1787.05
1779519037548,ask,0.81,200
1779519037548,ask,0.82,200
1779519037548,ask,0.83,3204.81
1779519037548,ask,0.84,200.1
1779519037548,ask,0.85,2292.62
1779519037548,ask,0.86,8999.35
1779519037548,ask,0.87,8170.69
1779519037548,ask,0.89,9090.9
1779519037548,ask,0.9,1797.29
1779519037548,ask,0.91,14222.21
1779519037548,ask,0.92,1029.28
1779519037548,ask,0.93,18571.42
1779519037548,ask,0.94,500
1779519037548,ask,0.95,33350
1779519037548,ask,0.96,36069.07
1779519037548,ask,0.97,14522.15
1779519037548,ask,0.98,111487.5
1779519037548,ask,0.99,16262
1779519165471,bid,0.67,573
1779519165471,bid,0.64,216.62
1779519165471,bid,0.63,896.72
1779519165471,bid,0.6,200
1779519165471,bid,0.59,200
1779519165471,bid,0.58,718.09
1779519165471,bid,0.57,1200
1779519165471,bid,0.56,200
1779519165471,bid,0.54,200
1779519165471,bid,0.42,10
1779519165471,bid,0.41,560
1779519165471,bid,0.4,2150
1779519165471,bid,0.36,752
1779519165471,bid,0.35,1683.63
1779519165471,bid,0.34,3043.57
1779519165471,bid,0.33,99.99
1779519165471,bid,0.32,500
1779519165471,bid,0.3,873
1779519165471,bid,0.29,2076.05
1779519165471,bid,0.28,5379.02
1779519165471,bid,0.27,1111
1779519165471,bid,0.26,500
1779519165471,bid,0.25,400
1779519165471,bid,0.24,4166.66
1779519165471,bid,0.22,1245
1779519165471,bid,0.21,6661.9
1779519165471,bid,0.17,7870.58
1779519165471,bid,0.16,203.5
1779519165471,bid,0.15,2166
1779519165471,bid,0.14,10052.71
1779519165471,bid,0.12,2483
1779519165471,bid,0.11,2104.76
1779519165471,bid,0.1,16400
1779519165471,bid,0.08,1890.68
1779519165471,bid,0.07,25368.65
1779519165471,bid,0.06,5666
1779519165471,bid,0.05,3120
1779519165471,bid,0.04,3628.27
1779519165471,bid,0.03,67266.66
1779519165471,bid,0.02,8824
1779519165471,bid,0.01,4096
1779519165471,ask,0.67,60
1779519165471,ask,0.68,132.55
1779519165471,ask,0.69,64.49
1779519165471,ask,0.7,1555
1779519165471,ask,0.71,308.51
1779519165471,ask,0.72,1913.09
1779519165471,ask,0.73,1610.95
1779519165471,ask,0.74,200
1779519165471,ask,0.75,2973.25
1779519165471,ask,0.76,5346.41
1779519165471,ask,0.78,1787.05
1779519165471,ask,0.81,200
1779519165471,ask,0.82,200
1779519165471,ask,0.83,3204.81
1779519165471,ask,0.84,200.1
1779519165471,ask,0.85,2292.62
1779519165471,ask,0.86,2669.69
1779519165471,ask,0.87,9965.56
1779519165471,ask,0.88,8333.33
1779519165471,ask,0.89,9090.9
1779519165471,ask,0.9,10600
1779519165471,ask,0.91,1999.99
1779519165471,ask,0.92,14125
1779519165471,ask,0.93,18571.42
1779519165471,ask,0.94,500
1779519165471,ask,0.95,33350
1779519165471,ask,0.96,2495.13
1779519165471,ask,0.97,48222.81
1779519165471,ask,0.98,132487.5
1779519165471,ask,0.99,16262
1779519288540,bid,0.67,573
1779519288540,bid,0.66,211.62
1779519288540,bid,0.65,2600
1779519288540,bid,0.64,205
1779519288540,bid,0.63,896.72
1779519288540,bid,0.6,200
1779519288540,bid,0.59,200
1779519288540,bid,0.58,480
1779519288540,bid,0.57,1665.11
1779519288540,bid,0.54,200
1779519288540,bid,0.42,10
1779519288540,bid,0.41,1068.47
1779519288540,bid,0.4,2150
1779519288540,bid,0.35,914.4
1779519288540,bid,0.34,3643.57
1779519288540,bid,0.33,99.99
1779519288540,bid,0.32,500
1779519288540,bid,0.3,873
1779519288540,bid,0.29,2076.05
1779519288540,bid,0.28,5379.02
1779519288540,bid,0.27,1111
1779519288540,bid,0.26,500
1779519288540,bid,0.25,2160
1779519288540,bid,0.24,4166.66
1779519288540,bid,0.22,1245
1779519288540,bid,0.21,6661.9
1779519288540,bid,0.17,7870.58
1779519288540,bid,0.16,203.5
1779519288540,bid,0.15,2533
1779519288540,bid,0.14,10052.71
1779519288540,bid,0.12,2483
1779519288540,bid,0.11,2104.76
1779519288540,bid,0.1,16400
1779519288540,bid,0.08,1890.68
1779519288540,bid,0.07,25368.65
1779519288540,bid,0.06,2300
1779519288540,bid,0.05,3120
1779519288540,bid,0.04,2628.27
1779519288540,bid,0.03,67266.66
1779519288540,bid,0.02,8824
1779519288540,bid,0.01,4096
1779519288540,ask,0.67,60
1779519288540,ask,0.68,132.55
1779519288540,ask,0.69,264.49
1779519288540,ask,0.7,1555
1779519288540,ask,0.71,308.51
1779519288540,ask,0.72,1913.09
1779519288540,ask,0.73,1610.95
1779519288540,ask,0.75,2973.25
1779519288540,ask,0.76,5346.41
1779519288540,ask,0.78,1787.05
1779519288540,ask,0.81,200
1779519288540,ask,0.82,200
1779519288540,ask,0.83,3204.81
1779519288540,ask,0.84,200.1
1779519288540,ask,0.85,2292.62
1779519288540,ask,0.86,2669.69
1779519288540,ask,0.87,9965.56
1779519288540,ask,0.88,8333.33
1779519288540,ask,0.89,9090.9
1779519288540,ask,0.9,10600
1779519288540,ask,0.91,1999.99
1779519288540,ask,0.92,14125
1779519288540,ask,0.93,18571.42
1779519288540,ask,0.94,500
1779519288540,ask,0.95,33350
1779519288540,ask,0.96,2495.13
1779519288540,ask,0.97,48222.81
1779519288540,ask,0.98,131687.5
1779519288540,ask,0.99,16262
1779519408514,bid,0.67,573
1779519408514,bid,0.66,211.62
1779519408514,bid,0.65,2600
1779519408514,bid,0.64,205
1779519408514,bid,0.63,896.72
1779519408514,bid,0.6,200
1779519408514,bid,0.59,200
1779519408514,bid,0.58,480
1779519408514,bid,0.57,1665.11
1779519408514,bid,0.54,200
1779519408514,bid,0.42,10
1779519408514,bid,0.41,1068.47
1779519408514,bid,0.4,2150
1779519408514,bid,0.36,1166
1779519408514,bid,0.35,914.4
1779519408514,bid,0.34,3643.57
1779519408514,bid,0.33,99.99
1779519408514,bid,0.32,500
1779519408514,bid,0.3,873
1779519408514,bid,0.29,2076.05
1779519408514,bid,0.28,5379.02
1779519408514,bid,0.27,1111
1779519408514,bid,0.26,500
1779519408514,bid,0.25,2160
1779519408514,bid,0.24,4166.66
1779519408514,bid,0.22,1245
1779519408514,bid,0.21,6661.9
1779519408514,bid,0.17,7870.58
1779519408514,bid,0.16,203.5
1779519408514,bid,0.15,2533
1779519408514,bid,0.14,10052.71
1779519408514,bid,0.12,2483
1779519408514,bid,0.11,2104.76
1779519408514,bid,0.1,16400
1779519408514,bid,0.08,1890.68
1779519408514,bid,0.07,25368.65
1779519408514,bid,0.05,6820
1779519408514,bid,0.04,8428.27
1779519408514,bid,0.03,67266.66
1779519408514,bid,0.02,8824
1779519408514,bid,0.01,4096
1779519408514,ask,0.67,60
1779519408514,ask,0.68,132.55
1779519408514,ask,0.69,264.49
1779519408514,ask,0.7,1555
1779519408514,ask,0.71,308.51
1779519408514,ask,0.72,1913.09
1779519408514,ask,0.73,1610.95
1779519408514,ask,0.75,2973.25
1779519408514,ask,0.76,5346.41
1779519408514,ask,0.78,1787.05
1779519408514,ask,0.81,200
1779519408514,ask,0.82,200
1779519408514,ask,0.83,3204.81
1779519408514,ask,0.84,200.1
1779519408514,ask,0.85,2292.62
1779519408514,ask,0.86,2669.69
1779519408514,ask,0.87,9965.56
1779519408514,ask,0.88,8333.33
1779519408514,ask,0.89,9090.9
1779519408514,ask,0.9,10600
1779519408514,ask,0.91,1999.99
1779519408514,ask,0.92,14125
1779519408514,ask,0.93,18571.42
1779519408514,ask,0.94,500
1779519408514,ask,0.95,33350
1779519408514,ask,0.96,2495.13
1779519408514,ask,0.97,48222.81
1779519408514,ask,0.98,110687.5
1779519408514,ask,0.99,16262
1779519503553,bid,0.66,411.62
1779519503553,bid,0.65,2600
1779519503553,bid,0.64,205
1779519503553,bid,0.63,896.72
1779519503553,bid,0.6,200
1779519503553,bid,0.59,200
1779519503553,bid,0.58,480
1779519503553,bid,0.57,1665.11
1779519503553,bid,0.54,200
1779519503553,bid,0.42,10
1779519503553,bid,0.41,1068.47
1779519503553,bid,0.4,2150
1779519503553,bid,0.36,1166
1779519503553,bid,0.35,914.4
1779519503553,bid,0.34,3643.57
1779519503553,bid,0.33,99.99
1779519503553,bid,0.32,500
1779519503553,bid,0.3,873
1779519503553,bid,0.29,2076.05
1779519503553,bid,0.28,5379.02
1779519503553,bid,0.27,1111
1779519503553,bid,0.26,500
1779519503553,bid,0.25,2160
1779519503553,bid,0.24,4166.66
1779519503553,bid,0.22,1245
1779519503553,bid,0.21,6661.9
1779519503553,bid,0.17,7870.58
1779519503553,bid,0.16,203.5
1779519503553,bid,0.15,2533
1779519503553,bid,0.14,10052.71
1779519503553,bid,0.12,2483
1779519503553,bid,0.11,2104.76
1779519503553,bid,0.1,16400
1779519503553,bid,0.08,1890.68
1779519503553,bid,0.07,25368.65
1779519503553,bid,0.06,4300
1779519503553,bid,0.05,820
1779519503553,bid,0.04,2628.27
1779519503553,bid,0.03,67266.66
1779519503553,bid,0.02,8824
1779519503553,bid,0.01,4096
1779519503553,ask,0.67,60
1779519503553,ask,0.68,132.55
1779519503553,ask,0.69,264.49
1779519503553,ask,0.7,1555
1779519503553,ask,0.71,108.51
1779519503553,ask,0.72,1913.09
1779519503553,ask,0.73,1610.95
1779519503553,ask,0.75,2973.25
1779519503553,ask,0.76,5346.41
1779519503553,ask,0.78,1787.05
1779519503553,ask,0.81,200
1779519503553,ask,0.82,200
1779519503553,ask,0.83,3204.81
1779519503553,ask,0.84,200.1
1779519503553,ask,0.85,2292.62
1779519503553,ask,0.86,8999.35
1779519503553,ask,0.87,8170.69
1779519503553,ask,0.89,9090.9
1779519503553,ask,0.9,1797.29
1779519503553,ask,0.91,14222.21
1779519503553,ask,0.92,1029.28
1779519503553,ask,0.93,18571.42
1779519503553,ask,0.94,500
1779519503553,ask,0.95,33350
1779519503553,ask,0.96,36069.07
1779519503553,ask,0.97,48222.81
1779519503553,ask,0.98,131687.5
1779519503553,ask,0.99,16262
1779519885721,bid,0.66,1176.18
1779519885721,bid,0.65,1800
1779519885721,bid,0.64,2205
1779519885721,bid,0.63,696.72
1779519885721,bid,0.57,1665.11
1779519885721,bid,0.42,10
1779519885721,bid,0.41,1068.47
1779519885721,bid,0.4,2150
1779519885721,bid,0.36,1166
1779519885721,bid,0.35,914.4
1779519885721,bid,0.34,3643.57
1779519885721,bid,0.33,99.99
1779519885721,bid,0.32,500
1779519885721,bid,0.29,2076.05
1779519885721,bid,0.28,5379.02
1779519885721,bid,0.26,500
1779519885721,bid,0.25,2160
1779519885721,bid,0.24,4166.66
1779519885721,bid,0.21,6661.9
1779519885721,bid,0.17,7870.58
1779519885721,bid,0.16,203.5
1779519885721,bid,0.15,2533
1779519885721,bid,0.14,10052.71
1779519885721,bid,0.11,2104.76
1779519885721,bid,0.1,16400
1779519885721,bid,0.08,1890.68
1779519885721,bid,0.07,25368.65
1779519885721,bid,0.06,3100
1779519885721,bid,0.05,20
1779519885721,bid,0.04,3428.27
1779519885721,bid,0.03,67266.66
1779519885721,bid,0.02,8824
1779519885721,bid,0.01,4096
1779519885721,ask,0.68,73.72
1779519885721,ask,0.69,264.49
1779519885721,ask,0.7,1755
1779519885721,ask,0.71,108.51
1779519885721,ask,0.72,1913.09
1779519885721,ask,0.73,1610.95
1779519885721,ask,0.75,2773.25
1779519885721,ask,0.76,5346.41
1779519885721,ask,0.78,1587.05
1779519885721,ask,0.83,3204.81
1779519885721,ask,0.84,200.1
1779519885721,ask,0.85,0.19
1779519885721,ask,0.86,2669.69
1779519885721,ask,0.87,9965.56
1779519885721,ask,0.88,8333.33
1779519885721,ask,0.9,10600
1779519885721,ask,0.91,1999.99
1779519885721,ask,0.92,14125
1779519885721,ask,0.93,18571.42
1779519885721,ask,0.94,500
1779519885721,ask,0.95,33350
1779519885721,ask,0.96,2495.13
1779519885721,ask,0.97,48222.81
1779519885721,ask,0.98,131687.5
1779519885721,ask,0.99,16262
1779520004875,bid,0.66,1176.18
1779520004875,bid,0.65,2000
1779520004875,bid,0.64,2405
1779520004875,bid,0.63,696.72
1779520004875,bid,0.57,1665.11
1779520004875,bid,0.41,508.47
1779520004875,bid,0.4,1750
1779520004875,bid,0.36,1166
1779520004875,bid,0.35,914.4
1779520004875,bid,0.34,3643.57
1779520004875,bid,0.33,99.99
1779520004875,bid,0.32,500
1779520004875,bid,0.29,2076.05
1779520004875,bid,0.28,5379.02
1779520004875,bid,0.26,500
1779520004875,bid,0.25,400
1779520004875,bid,0.24,4166.66
1779520004875,bid,0.21,6661.9
1779520004875,bid,0.17,7870.58
1779520004875,bid,0.16,203.5
1779520004875,bid,0.15,2533
1779520004875,bid,0.14,10052.71
1779520004875,bid,0.11,2104.76
1779520004875,bid,0.1,16400
1779520004875,bid,0.08,1890.68
1779520004875,bid,0.07,25368.65
1779520004875,bid,0.06,7166
1779520004875,bid,0.05,3120
1779520004875,bid,0.04,2628.27
1779520004875,bid,0.03,67266.66
1779520004875,bid,0.02,8824
1779520004875,bid,0.01,4096
1779520004875,ask,0.68,73.72
1779520004875,ask,0.69,264.49
1779520004875,ask,0.7,1755
1779520004875,ask,0.71,1108.51
1779520004875,ask,0.72,1913.09
1779520004875,ask,0.73,1610.95
1779520004875,ask,0.75,2773.25
1779520004875,ask,0.76,5346.41
1779520004875,ask,0.78,1587.05
1779520004875,ask,0.83,3204.81
1779520004875,ask,0.84,200.1
1779520004875,ask,0.85,0.19
1779520004875,ask,0.86,2669.69
1779520004875,ask,0.87,9965.56
1779520004875,ask,0.88,8333.33
1779520004875,ask,0.9,10600
1779520004875,ask,0.91,1999.99
1779520004875,ask,0.92,14125
1779520004875,ask,0.93,18571.42
1779520004875,ask,0.94,500
1779520004875,ask,0.95,33350
1779520004875,ask,0.96,2495.13
1779520004875,ask,0.97,48222.81
1779520004875,ask,0.98,131687.5
1779520004875,ask,0.99,16262
1779520123825,bid,0.66,1176.18
1779520123825,bid,0.65,1800
1779520123825,bid,0.64,2405
1779520123825,bid,0.63,696.72
1779520123825,bid,0.57,1665.11
1779520123825,bid,0.41,508.47
1779520123825,bid,0.4,1750
1779520123825,bid,0.36,1166
1779520123825,bid,0.35,914.4
1779520123825,bid,0.34,3643.57
1779520123825,bid,0.33,99.99
1779520123825,bid,0.32,500
1779520123825,bid,0.29,2076.05
1779520123825,bid,0.28,5379.02
1779520123825,bid,0.26,500
1779520123825,bid,0.25,2160
1779520123825,bid,0.24,4166.66
1779520123825,bid,0.21,6661.9
1779520123825,bid,0.17,7870.58
1779520123825,bid,0.16,203.5
1779520123825,bid,0.15,2533
1779520123825,bid,0.14,10052.71
1779520123825,bid,0.11,2104.76
1779520123825,bid,0.1,16400
1779520123825,bid,0.08,1890.68
1779520123825,bid,0.07,25368.65
1779520123825,bid,0.06,5666
1779520123825,bid,0.05,5420
1779520123825,bid,0.04,2628.27
1779520123825,bid,0.03,67266.66
1779520123825,bid,0.02,8824
1779520123825,bid,0.01,4096
1779520123825,ask,0.68,73.72
1779520123825,ask,0.69,64.49
1779520123825,ask,0.7,1755
1779520123825,ask,0.71,1108.51
1779520123825,ask,0.72,1913.09
1779520123825,ask,0.73,1610.95
1779520123825,ask,0.75,2773.25
1779520123825,ask,0.76,5346.41
1779520123825,ask,0.78,1587.05
1779520123825,ask,0.83,3204.81
1779520123825,ask,0.84,200.1
1779520123825,ask,0.85,0.19
1779520123825,ask,0.86,2669.69
1779520123825,ask,0.87,9965.56
1779520123825,ask,0.88,8333.33
1779520123825,ask,0.9,10600
1779520123825,ask,0.91,1999.99
1779520123825,ask,0.92,14125
1779520123825,ask,0.93,18571.42
1779520123825,ask,0.94,500
1779520123825,ask,0.95,33350
1779520123825,ask,0.96,2495.13
1779520123825,ask,0.97,48222.81
1779520123825,ask,0.98,110687.5
1779520123825,ask,0.99,16262
1779520244000,bid,0.66,1176.18
1779520244000,bid,0.65,1800
1779520244000,bid,0.64,2405
1779520244000,bid,0.63,696.72
1779520244000,bid,0.57,1665.11
1779520244000,bid,0.41,508.47
1779520244000,bid,0.4,1750
1779520244000,bid,0.35,914.4
1779520244000,bid,0.34,3643.57
1779520244000,bid,0.33,99.99
1779520244000,bid,0.32,500
1779520244000,bid,0.29,2076.05
1779520244000,bid,0.28,5379.02
1779520244000,bid,0.26,500
1779520244000,bid,0.25,2160
1779520244000,bid,0.24,4166.66
1779520244000,bid,0.21,6661.9
1779520244000,bid,0.17,7870.58
1779520244000,bid,0.16,203.5
1779520244000,bid,0.14,10052.71
1779520244000,bid,0.11,2104.76
1779520244000,bid,0.1,16400
1779520244000,bid,0.08,1890.68
1779520244000,bid,0.07,25368.65
1779520244000,bid,0.06,2800
1779520244000,bid,0.05,8320
1779520244000,bid,0.04,3428.27
1779520244000,bid,0.03,67266.66
1779520244000,bid,0.02,8824
1779520244000,bid,0.01,4096
1779520244000,ask,0.68,99.67
1779520244000,ask,0.69,1064.49
1779520244000,ask,0.7,1755
1779520244000,ask,0.71,1084.3
1779520244000,ask,0.72,1338.88
1779520244000,ask,0.73,1610.95
1779520244000,ask,0.75,2773.25
1779520244000,ask,0.76,5346.41
1779520244000,ask,0.78,1587.05
1779520244000,ask,0.83,3204.81
1779520244000,ask,0.84,200.1
1779520244000,ask,0.85,0.19
1779520244000,ask,0.86,2669.69
1779520244000,ask,0.87,9965.56
1779520244000,ask,0.88,8333.33
1779520244000,ask,0.89,164.53
1779520244000,ask,0.9,10600
1779520244000,ask,0.91,1999.99
1779520244000,ask,0.92,14125
1779520244000,ask,0.93,18571.42
1779520244000,ask,0.94,909.68
1779520244000,ask,0.95,33350
1779520244000,ask,0.96,2495.13
1779520244000,ask,0.97,48222.81
1779520244000,ask,0.98,131687.5
1779520244000,ask,0.99,16262
1779520614533,bid,0.66,1176.18
1779520614533,bid,0.65,2000
1779520614533,bid,0.64,2405
1779520614533,bid,0.63,896.72
1779520614533,bid,0.62,200
1779520614533,bid,0.6,200
1779520614533,bid,0.57,1665.11
1779520614533,bid,0.41,508.47
1779520614533,bid,0.4,1750
1779520614533,bid,0.36,1166
1779520614533,bid,0.35,914.4
1779520614533,bid,0.34,3643.57
1779520614533,bid,0.33,99.99
1779520614533,bid,0.32,500
1779520614533,bid,0.29,2076.05
1779520614533,bid,0.28,5379.02
1779520614533,bid,0.26,500
1779520614533,bid,0.25,2160
1779520614533,bid,0.24,4166.66
1779520614533,bid,0.21,6661.9
1779520614533,bid,0.17,7870.58
1779520614533,bid,0.16,203.5
1779520614533,bid,0.15,2533
1779520614533,bid,0.14,10052.71
1779520614533,bid,0.11,2104.76
1779520614533,bid,0.1,16400
1779520614533,bid,0.08,1890.68
1779520614533,bid,0.07,25368.65
1779520614533,bid,0.06,3500
1779520614533,bid,0.05,820
1779520614533,bid,0.04,3428.27
1779520614533,bid,0.03,67266.66
1779520614533,bid,0.02,8824
1779520614533,bid,0.01,4096
1779520614533,ask,0.68,98.19
1779520614533,ask,0.69,1064.49
1779520614533,ask,0.7,1555
1779520614533,ask,0.71,1506.83
1779520614533,ask,0.72,1538.88
1779520614533,ask,0.73,1610.95
1779520614533,ask,0.75,2973.25
1779520614533,ask,0.76,4230.63
1779520614533,ask,0.78,1787.05
1779520614533,ask,0.79,200
1779520614533,ask,0.83,3204.81
1779520614533,ask,0.84,200.1
1779520614533,ask,0.85,0.19
1779520614533,ask,0.86,2669.69
1779520614533,ask,0.87,9965.56
1779520614533,ask,0.88,8333.33
1779520614533,ask,0.89,164.53
1779520614533,ask,0.9,10600
1779520614533,ask,0.91,1999.99
1779520614533,ask,0.92,14125
1779520614533,ask,0.93,18571.42
1779520614533,ask,0.94,909.68
1779520614533,ask,0.95,33350
1779520614533,ask,0.96,2495.13
1779520614533,ask,0.97,48222.81
1779520614533,ask,0.98,131687.5
1779520614533,ask,0.99,16262
1779520737001,bid,0.66,1176.18
1779520737001,bid,0.65,2000
1779520737001,bid,0.64,2405
1779520737001,bid,0.63,896.72
1779520737001,bid,0.62,200
1779520737001,bid,0.6,200
1779520737001,bid,0.57,1665.11
1779520737001,bid,0.41,508.47
1779520737001,bid,0.4,1750
1779520737001,bid,0.36,1166
1779520737001,bid,0.35,914.4
1779520737001,bid,0.34,3643.57
1779520737001,bid,0.33,99.99
1779520737001,bid,0.32,500
1779520737001,bid,0.29,2076.05
1779520737001,bid,0.28,5379.02
1779520737001,bid,0.26,500
1779520737001,bid,0.25,2160
1779520737001,bid,0.24,4166.66
1779520737001,bid,0.21,6661.9
1779520737001,bid,0.17,7870.58
1779520737001,bid,0.16,203.5
1779520737001,bid,0.15,2533
1779520737001,bid,0.14,10052.71
1779520737001,bid,0.11,2104.76
1779520737001,bid,0.1,16400
1779520737001,bid,0.08,1890.68
1779520737001,bid,0.07,25368.65
1779520737001,bid,0.05,20
1779520737001,bid,0.04,8428.27
1779520737001,bid,0.03,67266.66
1779520737001,bid,0.02,8824
1779520737001,bid,0.01,4096
1779520737001,ask,0.68,198.19
1779520737001,ask,0.69,1064.49
1779520737001,ask,0.7,1755
1779520737001,ask,0.71,1506.83
1779520737001,ask,0.72,1538.88
1779520737001,ask,0.73,1610.95
1779520737001,ask,0.75,2973.25
1779520737001,ask,0.76,4230.63
1779520737001,ask,0.78,1787.05
1779520737001,ask,0.79,200
1779520737001,ask,0.83,3204.81
1779520737001,ask,0.84,200.1
1779520737001,ask,0.85,0.19
1779520737001,ask,0.86,2669.69
1779520737001,ask,0.87,9965.56
1779520737001,ask,0.88,8333.33
1779520737001,ask,0.89,164.53
1779520737001,ask,0.9,10600
1779520737001,ask,0.91,1999.99
1779520737001,ask,0.92,14125
1779520737001,ask,0.93,18571.42
1779520737001,ask,0.94,909.68
1779520737001,ask,0.95,33350
1779520737001,ask,0.96,2495.13
1779520737001,ask,0.97,48222.81
1779520737001,ask,0.98,110687.5
1779520737001,ask,0.99,16262
1779520855015,bid,0.66,1176.18
1779520855015,bid,0.65,2000
1779520855015,bid,0.64,2405
1779520855015,bid,0.63,896.72
1779520855015,bid,0.62,200
1779520855015,bid,0.6,200
1779520855015,bid,0.57,1665.11
1779520855015,bid,0.41,508.47
1779520855015,bid,0.4,1750
1779520855015,bid,0.36,1166
1779520855015,bid,0.35,914.4
1779520855015,bid,0.34,3643.57
1779520855015,bid,0.33,99.99
1779520855015,bid,0.32,500
1779520855015,bid,0.29,2076.05
1779520855015,bid,0.28,5379.02
1779520855015,bid,0.26,500
1779520855015,bid,0.25,400
1779520855015,bid,0.24,4166.66
1779520855015,bid,0.21,6661.9
1779520855015,bid,0.17,7870.58
1779520855015,bid,0.16,203.5
1779520855015,bid,0.15,2533
1779520855015,bid,0.14,10052.71
1779520855015,bid,0.11,2104.76
1779520855015,bid,0.1,16400
1779520855015,bid,0.08,1890.68
1779520855015,bid,0.07,25368.65
1779520855015,bid,0.05,5420
1779520855015,bid,0.04,11128.27
1779520855015,bid,0.03,67266.66
1779520855015,bid,0.02,8824
1779520855015,bid,0.01,4096
1779520855015,ask,0.68,198.19
1779520855015,ask,0.69,1064.49
1779520855015,ask,0.7,1755
1779520855015,ask,0.71,1506.83
1779520855015,ask,0.72,1538.88
1779520855015,ask,0.73,1610.95
1779520855015,ask,0.75,2973.25
1779520855015,ask,0.76,4230.63
1779520855015,ask,0.78,1787.05
1779520855015,ask,0.79,200
1779520855015,ask,0.83,3204.81
1779520855015,ask,0.84,200.1
1779520855015,ask,0.85,0.19
1779520855015,ask,0.86,2669.69
1779520855015,ask,0.87,9965.56
1779520855015,ask,0.88,8333.33
1779520855015,ask,0.89,164.53
1779520855015,ask,0.9,10600
1779520855015,ask,0.91,1999.99
1779520855015,ask,0.92,14125
1779520855015,ask,0.93,18571.42
1779520855015,ask,0.94,909.68
1779520855015,ask,0.95,33350
1779520855015,ask,0.96,2495.13
1779520855015,ask,0.97,48222.81
1779520855015,ask,0.98,131687.5
1779520855015,ask,0.99,16262
1779520981317,bid,0.66,1176.18
1779520981317,bid,0.65,1200
1779520981317,bid,0.64,2805
1779520981317,bid,0.63,896.72
1779520981317,bid,0.62,200
1779520981317,bid,0.6,200
1779520981317,bid,0.57,1665.11
1779520981317,bid,0.41,508.47
1779520981317,bid,0.4,1750
1779520981317,bid,0.36,1166
1779520981317,bid,0.35,914.4
1779520981317,bid,0.34,3643.57
1779520981317,bid,0.33,99.99
1779520981317,bid,0.32,500
1779520981317,bid,0.29,2076.05
1779520981317,bid,0.28,5379.02
1779520981317,bid,0.26,500
1779520981317,bid,0.25,400
1779520981317,bid,0.24,4166.66
1779520981317,bid,0.21,6661.9
1779520981317,bid,0.17,7870.58
1779520981317,bid,0.16,203.5
1779520981317,bid,0.15,2533
1779520981317,bid,0.14,10052.71
1779520981317,bid,0.11,2104.76
1779520981317,bid,0.1,16400
1779520981317,bid,0.08,1890.68
1779520981317,bid,0.07,25368.65
1779520981317,bid,0.05,5420
1779520981317,bid,0.04,11128.27
1779520981317,bid,0.03,67266.66
1779520981317,bid,0.02,8824
1779520981317,bid,0.01,4096
1779520981317,ask,0.68,208.35
1779520981317,ask,0.69,1056.49
1779520981317,ask,0.7,2047.3
1779520981317,ask,0.71,1422.53
1779520981317,ask,0.72,1538.88
1779520981317,ask,0.73,1610.95
1779520981317,ask,0.75,2973.25
1779520981317,ask,0.76,4230.63
1779520981317,ask,0.78,1787.05
1779520981317,ask,0.79,200
1779520981317,ask,0.83,2000
1779520981317,ask,0.84,200.1
1779520981317,ask,0.85,0.19
1779520981317,ask,0.86,2669.69
1779520981317,ask,0.87,9965.56
1779520981317,ask,0.88,8333.33
1779520981317,ask,0.9,10600
1779520981317,ask,0.91,1999.99
1779520981317,ask,0.92,14125
1779520981317,ask,0.93,18571.42
1779520981317,ask,0.94,909.68
1779520981317,ask,0.95,33350
1779520981317,ask,0.96,2495.13
1779520981317,ask,0.97,48387.34
1779520981317,ask,0.98,131687.5
1779520981317,ask,0.99,16262
1779521353256,bid,0.66,1176.18
1779521353256,bid,0.65,1200
1779521353256,bid,0.64,1805
1779521353256,bid,0.63,896.72
1779521353256,bid,0.62,200
1779521353256,bid,0.6,200
1779521353256,bid,0.58,666.04
1779521353256,bid,0.57,1665.11
1779521353256,bid,0.41,882.42
1779521353256,bid,0.4,1750
1779521353256,bid,0.35,914.4
1779521353256,bid,0.34,3643.57
1779521353256,bid,0.33,99.99
1779521353256,bid,0.32,500
1779521353256,bid,0.29,2076.05
1779521353256,bid,0.28,5379.02
1779521353256,bid,0.26,500
1779521353256,bid,0.25,2160
1779521353256,bid,0.24,4166.66
1779521353256,bid,0.21,6661.9
1779521353256,bid,0.17,7870.58
1779521353256,bid,0.16,203.5
1779521353256,bid,0.15,2533
1779521353256,bid,0.14,10052.71
1779521353256,bid,0.11,2104.76
1779521353256,bid,0.1,16400
1779521353256,bid,0.08,1890.68
1779521353256,bid,0.07,25368.65
1779521353256,bid,0.06,800
1779521353256,bid,0.05,6820
1779521353256,bid,0.04,7428.27
1779521353256,bid,0.03,67266.66
1779521353256,bid,0.02,8824
1779521353256,bid,0.01,4096
1779521353256,ask,0.68,208.35
1779521353256,ask,0.69,1056.49
1779521353256,ask,0.7,2039.3
1779521353256,ask,0.71,1422.53
1779521353256,ask,0.72,1538.88
1779521353256,ask,0.73,1610.95
1779521353256,ask,0.75,2973.25
1779521353256,ask,0.76,4230.63
1779521353256,ask,0.78,1787.05
1779521353256,ask,0.79,200
1779521353256,ask,0.83,2000
1779521353256,ask,0.84,200.1
1779521353256,ask,0.85,0.19
1779521353256,ask,0.86,2669.69
1779521353256,ask,0.87,9965.56
1779521353256,ask,0.88,8333.33
1779521353256,ask,0.9,10600
1779521353256,ask,0.91,1999.99
1779521353256,ask,0.92,14125
1779521353256,ask,0.93,18571.42
1779521353256,ask,0.94,909.68
1779521353256,ask,0.95,33350
1779521353256,ask,0.96,2495.13
1779521353256,ask,0.97,48387.34
1779521353256,ask,0.98,131687.5
1779521353256,ask,0.99,16262
1779521459804,bid,0.66,1176.18
1779521459804,bid,0.65,1200
1779521459804,bid,0.64,1805
1779521459804,bid,0.63,896.72
1779521459804,bid,0.62,200
1779521459804,bid,0.6,200
1779521459804,bid,0.58,666.04
1779521459804,bid,0.57,1665.11
1779521459804,bid,0.41,882.42
1779521459804,bid,0.4,1750
1779521459804,bid,0.36,1166
1779521459804,bid,0.35,914.4
1779521459804,bid,0.34,3643.57
1779521459804,bid,0.33,99.99
1779521459804,bid,0.32,500
1779521459804,bid,0.29,2076.05
1779521459804,bid,0.28,5379.02
1779521459804,bid,0.26,500
1779521459804,bid,0.25,2160
1779521459804,bid,0.24,4166.66
1779521459804,bid,0.21,6661.9
1779521459804,bid,0.17,7870.58
1779521459804,bid,0.16,203.5
1779521459804,bid,0.15,2533
1779521459804,bid,0.14,10052.71
1779521459804,bid,0.11,2104.76
1779521459804,bid,0.1,16400
1779521459804,bid,0.08,1890.68
1779521459804,bid,0.07,25368.65
1779521459804,bid,0.05,3120
1779521459804,bid,0.04,4928.27
1779521459804,bid,0.03,67266.66
1779521459804,bid,0.02,8824
1779521459804,bid,0.01,4096
1779521459804,ask,0.68,208.35
1779521459804,ask,0.69,1056.49
1779521459804,ask,0.7,2039.3
1779521459804,ask,0.71,1422.53
1779521459804,ask,0.72,1538.88
1779521459804,ask,0.73,1610.95
1779521459804,ask,0.75,2973.25
1779521459804,ask,0.76,4230.63
1779521459804,ask,0.78,1787.05
1779521459804,ask,0.79,200
1779521459804,ask,0.83,2000
1779521459804,ask,0.84,200.1
1779521459804,ask,0.85,0.19
1779521459804,ask,0.86,2669.69
1779521459804,ask,0.87,9965.56
1779521459804,ask,0.88,8333.33
1779521459804,ask,0.9,10600
1779521459804,ask,0.91,1999.99
1779521459804,ask,0.92,14125
1779521459804,ask,0.93,18571.42
1779521459804,ask,0.94,909.68
1779521459804,ask,0.95,33350
1779521459804,ask,0.96,2495.13
1779521459804,ask,0.97,48387.34
1779521459804,ask,0.98,131687.5
1779521459804,ask,0.99,16262
1779521581325,bid,0.66,1176.18
1779521581325,bid,0.65,1200
1779521581325,bid,0.64,1605
1779521581325,bid,0.63,896.72
1779521581325,bid,0.62,200
1779521581325,bid,0.6,200
1779521581325,bid,0.58,666.04
1779521581325,bid,0.57,1665.11
1779521581325,bid,0.41,882.42
1779521581325,bid,0.4,1750
1779521581325,bid,0.36,1166
1779521581325,bid,0.35,914.4
1779521581325,bid,0.34,3643.57
1779521581325,bid,0.33,99.99
1779521581325,bid,0.32,500
1779521581325,bid,0.29,2076.05
1779521581325,bid,0.28,5379.02
1779521581325,bid,0.26,500
1779521581325,bid,0.25,2160
1779521581325,bid,0.24,4166.66
1779521581325,bid,0.21,6661.9
1779521581325,bid,0.17,7870.58
1779521581325,bid,0.16,203.5
1779521581325,bid,0.15,2533
1779521581325,bid,0.14,10052.71
1779521581325,bid,0.11,2104.76
1779521581325,bid,0.1,16400
1779521581325,bid,0.08,1890.68
1779521581325,bid,0.07,25368.65
1779521581325,bid,0.06,5666
1779521581325,bid,0.05,2320
1779521581325,bid,0.04,6128.27
1779521581325,bid,0.03,67266.66
1779521581325,bid,0.02,8824
1779521581325,bid,0.01,4096
1779521581325,ask,0.68,208.35
1779521581325,ask,0.69,1056.49
1779521581325,ask,0.7,1839.3
1779521581325,ask,0.71,1422.53
1779521581325,ask,0.72,1538.88
1779521581325,ask,0.73,1610.95
1779521581325,ask,0.75,2973.25
1779521581325,ask,0.76,4230.63
1779521581325,ask,0.78,1787.05
1779521581325,ask,0.79,200
1779521581325,ask,0.83,2000
1779521581325,ask,0.84,200.1
1779521581325,ask,0.85,0.19
1779521581325,ask,0.86,2669.69
1779521581325,ask,0.87,9965.56
1779521581325,ask,0.88,8333.33
1779521581325,ask,0.9,10600
1779521581325,ask,0.91,1999.99
1779521581325,ask,0.92,14125
1779521581325,ask,0.93,18571.42
1779521581325,ask,0.94,909.68
1779521581325,ask,0.95,33350
1779521581325,ask,0.96,2495.13
1779521581325,ask,0.97,48387.34
1779521581325,ask,0.98,110687.5
1779521581325,ask,0.99,16262
1779521703631,bid,0.66,1176.18
1779521703631,bid,0.65,1200
1779521703631,bid,0.64,1605
1779521703631,bid,0.63,896.72
1779521703631,bid,0.62,200
1779521703631,bid,0.6,200
1779521703631,bid,0.58,666.04
1779521703631,bid,0.57,1665.11
1779521703631,bid,0.41,882.42
1779521703631,bid,0.4,1750
1779521703631,bid,0.36,1166
1779521703631,bid,0.35,914.4
1779521703631,bid,0.34,3643.57
1779521703631,bid,0.33,99.99
1779521703631,bid,0.32,500
1779521703631,bid,0.29,2076.05
1779521703631,bid,0.28,5379.02
1779521703631,bid,0.26,500
1779521703631,bid,0.25,2160
1779521703631,bid,0.24,4166.66
1779521703631,bid,0.21,6661.9
1779521703631,bid,0.17,7870.58
1779521703631,bid,0.16,203.5
1779521703631,bid,0.14,10052.71
1779521703631,bid,0.11,2104.76
1779521703631,bid,0.1,16400
1779521703631,bid,0.08,1890.68
1779521703631,bid,0.07,25368.65
1779521703631,bid,0.06,800
1779521703631,bid,0.05,820
1779521703631,bid,0.04,6428.27
1779521703631,bid,0.03,67266.66
1779521703631,bid,0.02,8824
1779521703631,bid,0.01,4096
1779521703631,ask,0.68,208.35
1779521703631,ask,0.69,1056.49
1779521703631,ask,0.7,2422.56
1779521703631,ask,0.71,1422.53
1779521703631,ask,0.72,1538.88
1779521703631,ask,0.73,1610.95
1779521703631,ask,0.75,2973.25
1779521703631,ask,0.76,4230.63
1779521703631,ask,0.78,1787.05
1779521703631,ask,0.79,200
1779521703631,ask,0.83,2000
1779521703631,ask,0.84,200.1
1779521703631,ask,0.85,0.19
1779521703631,ask,0.86,2669.69
1779521703631,ask,0.87,9965.56
1779521703631,ask,0.88,8333.33
1779521703631,ask,0.9,10600
1779521703631,ask,0.91,1999.99
1779521703631,ask,0.92,14125
1779521703631,ask,0.93,18571.42
1779521703631,ask,0.94,909.68
1779521703631,ask,0.95,33350
1779521703631,ask,0.96,2495.13
1779521703631,ask,0.97,48387.34
1779521703631,ask,0.98,131687.5
1779521703631,ask,0.99,16262
1779522067925,bid,0.66,1176.18
1779522067925,bid,0.65,1200
1779522067925,bid,0.64,605
1779522067925,bid,0.63,896.72
1779522067925,bid,0.62,200
1779522067925,bid,0.6,200
1779522067925,bid,0.58,666.04
1779522067925,bid,0.57,1665.11
1779522067925,bid,0.41,882.42
1779522067925,bid,0.4,1750
1779522067925,bid,0.36,1166
1779522067925,bid,0.35,914.4
1779522067925,bid,0.34,3643.57
1779522067925,bid,0.33,99.99
1779522067925,bid,0.32,500
1779522067925,bid,0.29,2076.05
1779522067925,bid,0.28,5379.02
1779522067925,bid,0.26,500
1779522067925,bid,0.25,2160
1779522067925,bid,0.24,4166.66
1779522067925,bid,0.21,6661.9
1779522067925,bid,0.17,7870.58
1779522067925,bid,0.16,203.5
1779522067925,bid,0.14,10052.71
1779522067925,bid,0.11,2104.76
1779522067925,bid,0.1,16400
1779522067925,bid,0.08,1890.68
1779522067925,bid,0.07,25368.65
1779522067925,bid,0.05,5420
1779522067925,bid,0.04,2628.27
1779522067925,bid,0.03,67266.66
1779522067925,bid,0.02,8824
1779522067925,bid,0.01,4096
1779522067925,ask,0.68,645.8
1779522067925,ask,0.69,1931.39
1779522067925,ask,0.7,2338.26
1779522067925,ask,0.71,1422.53
1779522067925,ask,0.72,1538.88
1779522067925,ask,0.73,1610.95
1779522067925,ask,0.75,4306.58
1779522067925,ask,0.76,4230.63
1779522067925,ask,0.78,505
1779522067925,ask,0.79,200
1779522067925,ask,0.83,2000
1779522067925,ask,0.84,200.1
1779522067925,ask,0.85,0.19
1779522067925,ask,0.86,2669.69
1779522067925,ask,0.87,9965.56
1779522067925,ask,0.88,8333.33
1779522067925,ask,0.9,10600
1779522067925,ask,0.91,1999.99
1779522067925,ask,0.92,14125
1779522067925,ask,0.93,18571.42
1779522067925,ask,0.94,909.68
1779522067925,ask,0.95,33350
1779522067925,ask,0.96,2495.13
1779522067925,ask,0.97,48387.34
1779522067925,ask,0.98,131687.5
1779522067925,ask,0.99,16262
1779522189127,bid,0.66,2176.18
1779522189127,bid,0.65,1000
1779522189127,bid,0.64,1605
1779522189127,bid,0.63,896.72
1779522189127,bid,0.62,200
1779522189127,bid,0.6,200
1779522189127,bid,0.59,200
1779522189127,bid,0.57,1665.11
1779522189127,bid,0.41,882.42
1779522189127,bid,0.4,1750
1779522189127,bid,0.36,1166
1779522189127,bid,0.35,914.4
1779522189127,bid,0.34,3643.57
1779522189127,bid,0.33,99.99
1779522189127,bid,0.32,500
1779522189127,bid,0.29,2076.05
1779522189127,bid,0.28,5379.02
1779522189127,bid,0.26,500
1779522189127,bid,0.25,2160
1779522189127,bid,0.24,4166.66
1779522189127,bid,0.21,6661.9
1779522189127,bid,0.17,7870.58
1779522189127,bid,0.16,203.5
1779522189127,bid,0.15,2533
1779522189127,bid,0.14,10052.71
1779522189127,bid,0.11,2104.76
1779522189127,bid,0.1,16400
1779522189127,bid,0.08,1890.68
1779522189127,bid,0.07,25368.65
1779522189127,bid,0.06,1600
1779522189127,bid,0.05,3820
1779522189127,bid,0.04,2628.27
1779522189127,bid,0.03,67266.66
1779522189127,bid,0.02,8824
1779522189127,bid,0.01,4096
1779522189127,ask,0.68,645.8
1779522189127,ask,0.69,1931.39
1779522189127,ask,0.7,2338.26
1779522189127,ask,0.71,1422.53
1779522189127,ask,0.72,1538.88
1779522189127,ask,0.73,1610.95
1779522189127,ask,0.75,4306.58
1779522189127,ask,0.76,4230.63
1779522189127,ask,0.78,505
1779522189127,ask,0.79,200
1779522189127,ask,0.83,2000
1779522189127,ask,0.84,200.1
1779522189127,ask,0.85,0.19
1779522189127,ask,0.86,2669.69
1779522189127,ask,0.87,9965.56
1779522189127,ask,0.88,8333.33
1779522189127,ask,0.9,10600
1779522189127,ask,0.91,1999.99
1779522189127,ask,0.92,14125
1779522189127,ask,0.93,19471.42
1779522189127,ask,0.94,909.68
1779522189127,ask,0.95,33350
1779522189127,ask,0.96,2495.13
1779522189127,ask,0.97,48387.34
1779522189127,ask,0.98,131687.5
1779522189127,ask,0.99,16262
1779522316601,bid,0.66,1176.18
1779522316601,bid,0.65,1000
1779522316601,bid,0.64,1605
1779522316601,bid,0.63,896.72
1779522316601,bid,0.62,200
1779522316601,bid,0.6,200
1779522316601,bid,0.59,200
1779522316601,bid,0.58,666.04
1779522316601,bid,0.57,1665.11
1779522316601,bid,0.41,882.42
1779522316601,bid,0.4,1750
1779522316601,bid,0.36,1166
1779522316601,bid,0.35,914.4
1779522316601,bid,0.34,3643.57
1779522316601,bid,0.33,99.99
1779522316601,bid,0.32,500
1779522316601,bid,0.29,2076.05
1779522316601,bid,0.28,5379.02
1779522316601,bid,0.26,500
1779522316601,bid,0.25,2160
1779522316601,bid,0.24,4166.66
1779522316601,bid,0.21,6661.9
1779522316601,bid,0.17,7870.58
1779522316601,bid,0.16,203.5
1779522316601,bid,0.15,2533
1779522316601,bid,0.14,10052.71
1779522316601,bid,0.11,2104.76
1779522316601,bid,0.1,16400
1779522316601,bid,0.08,1890.68
1779522316601,bid,0.07,25368.65
1779522316601,bid,0.05,5420
1779522316601,bid,0.04,2628.27
1779522316601,bid,0.03,67266.66
1779522316601,bid,0.02,8824
1779522316601,bid,0.01,4096
1779522316601,ask,0.67,600
1779522316601,ask,0.68,635.64
1779522316601,ask,0.69,2215.69
1779522316601,ask,0.7,2138.26
1779522316601,ask,0.71,1422.53
1779522316601,ask,0.72,1338.88
1779522316601,ask,0.73,1610.95
1779522316601,ask,0.75,4306.58
1779522316601,ask,0.76,4230.63
1779522316601,ask,0.78,505
1779522316601,ask,0.79,200
1779522316601,ask,0.8,200
1779522316601,ask,0.83,2000
1779522316601,ask,0.84,200.1
1779522316601,ask,0.85,0.19
1779522316601,ask,0.86,2669.69
1779522316601,ask,0.87,9965.56
1779522316601,ask,0.88,8333.33
1779522316601,ask,0.9,10600
1779522316601,ask,0.91,1999.99
1779522316601,ask,0.92,14125
1779522316601,ask,0.93,19471.42
1779522316601,ask,0.94,909.68
1779522316601,ask,0.95,33350
1779522316601,ask,0.96,2495.13
1779522316601,ask,0.97,62387.34
1779522316601,ask,0.98,110687.5
1779522316601,ask,0.99,16262
1779522423304,bid,0.66,1011.62
1779522423304,bid,0.65,1000
1779522423304,bid,0.64,1605
1779522423304,bid,0.63,896.72
1779522423304,bid,0.62,200
1779522423304,bid,0.6,200
1779522423304,bid,0.59,200
1779522423304,bid,0.58,666.04
1779522423304,bid,0.57,1665.11
1779522423304,bid,0.41,882.42
1779522423304,bid,0.4,1750
1779522423304,bid,0.36,1166
1779522423304,bid,0.35,914.4
1779522423304,bid,0.34,3643.57
1779522423304,bid,0.33,99.99
1779522423304,bid,0.32,500
1779522423304,bid,0.29,2076.05
1779522423304,bid,0.28,5379.02
1779522423304,bid,0.26,500
1779522423304,bid,0.25,400
1779522423304,bid,0.24,4166.66
1779522423304,bid,0.21,6661.9
1779522423304,bid,0.17,7870.58
1779522423304,bid,0.16,203.5
1779522423304,bid,0.15,2533
1779522423304,bid,0.14,10052.71
1779522423304,bid,0.11,2104.76
1779522423304,bid,0.1,16400
1779522423304,bid,0.08,1890.68
1779522423304,bid,0.07,25368.65
1779522423304,bid,0.06,1500
1779522423304,bid,0.05,7620
1779522423304,bid,0.04,5928.27
1779522423304,bid,0.03,67266.66
1779522423304,bid,0.02,8824
1779522423304,bid,0.01,4096
1779522423304,ask,0.67,600
1779522423304,ask,0.68,635.64
1779522423304,ask,0.69,2215.69
1779522423304,ask,0.7,2138.26
1779522423304,ask,0.71,1422.53
1779522423304,ask,0.72,1338.88
1779522423304,ask,0.73,1610.95
1779522423304,ask,0.75,4306.58
1779522423304,ask,0.76,4230.63
1779522423304,ask,0.78,505
1779522423304,ask,0.79,200
1779522423304,ask,0.8,200
1779522423304,ask,0.83,2000
1779522423304,ask,0.84,200.1
1779522423304,ask,0.85,0.19
1779522423304,ask,0.86,2669.69
1779522423304,ask,0.87,9965.56
1779522423304,ask,0.88,8333.33
1779522423304,ask,0.9,10600
1779522423304,ask,0.91,1999.99
1779522423304,ask,0.92,14125
1779522423304,ask,0.93,19471.42
1779522423304,ask,0.94,909.68
1779522423304,ask,0.95,33350
1779522423304,ask,0.96,2495.13
1779522423304,ask,0.97,62387.34
1779522423304,ask,0.98,111487.5
1779522423304,ask,0.99,16262
1779522761216,bid,0.66,1930.91
1779522761216,bid,0.65,1000
1779522761216,bid,0.64,1405
1779522761216,bid,0.63,896.72
1779522761216,bid,0.62,200
1779522761216,bid,0.6,200
1779522761216,bid,0.59,200
1779522761216,bid,0.58,68
1779522761216,bid,0.57,1665.11
1779522761216,bid,0.42,190
1779522761216,bid,0.41,508.47
1779522761216,bid,0.4,1750
1779522761216,bid,0.35,914.4
1779522761216,bid,0.34,3643.57
1779522761216,bid,0.33,99.99
1779522761216,bid,0.32,500
1779522761216,bid,0.29,2076.05
1779522761216,bid,0.28,5379.02
1779522761216,bid,0.26,500
1779522761216,bid,0.25,2160
1779522761216,bid,0.24,4166.66
1779522761216,bid,0.21,6661.9
1779522761216,bid,0.17,7870.58
1779522761216,bid,0.16,203.5
1779522761216,bid,0.15,2533
1779522761216,bid,0.14,10052.71
1779522761216,bid,0.11,2104.76
1779522761216,bid,0.1,16400
1779522761216,bid,0.08,1890.68
1779522761216,bid,0.07,25368.65
1779522761216,bid,0.06,2300
1779522761216,bid,0.05,2320
1779522761216,bid,0.04,11928.27
1779522761216,bid,0.03,67266.66
1779522761216,bid,0.02,8824
1779522761216,bid,0.01,4096
1779522761216,ask,0.67,600
1779522761216,ask,0.68,635.64
1779522761216,ask,0.69,2215.69
1779522761216,ask,0.7,2138.26
1779522761216,ask,0.71,1422.53
1779522761216,ask,0.72,1538.88
1779522761216,ask,0.73,1200
1779522761216,ask,0.74,153
1779522761216,ask,0.75,4306.58
1779522761216,ask,0.76,4230.63
1779522761216,ask,0.78,505
1779522761216,ask,0.79,200
1779522761216,ask,0.83,2000
1779522761216,ask,0.84,200.1
1779522761216,ask,0.85,533.19
1779522761216,ask,0.86,2669.69
1779522761216,ask,0.87,9965.56
1779522761216,ask,0.88,8333.33
1779522761216,ask,0.89,818
1779522761216,ask,0.9,10600
1779522761216,ask,0.91,1999.99
1779522761216,ask,0.92,14125
1779522761216,ask,0.93,19471.42
1779522761216,ask,0.94,909.68
1779522761216,ask,0.95,33350
1779522761216,ask,0.96,2495.13
1779522761216,ask,0.97,62387.34
1779522761216,ask,0.98,111487.5
1779522761216,ask,0.99,16262
1779522878325,bid,0.66,1930.91
1779522878325,bid,0.65,1000
1779522878325,bid,0.64,1405
1779522878325,bid,0.63,896.72
1779522878325,bid,0.62,200
1779522878325,bid,0.6,200
1779522878325,bid,0.59,200
1779522878325,bid,0.58,68
1779522878325,bid,0.57,1665.11
1779522878325,bid,0.42,190
1779522878325,bid,0.41,508.47
1779522878325,bid,0.4,1750
1779522878325,bid,0.36,1166
1779522878325,bid,0.35,914.4
1779522878325,bid,0.34,3643.57
1779522878325,bid,0.33,99.99
1779522878325,bid,0.32,500
1779522878325,bid,0.29,2076.05
1779522878325,bid,0.28,5379.02
1779522878325,bid,0.26,500
1779522878325,bid,0.25,2160
1779522878325,bid,0.24,4166.66
1779522878325,bid,0.21,6661.9
1779522878325,bid,0.17,7870.58
1779522878325,bid,0.16,203.5
1779522878325,bid,0.15,2533
1779522878325,bid,0.14,10052.71
1779522878325,bid,0.11,2104.76
1779522878325,bid,0.1,16400
1779522878325,bid,0.08,1890.68
1779522878325,bid,0.07,25368.65
1779522878325,bid,0.05,5420
1779522878325,bid,0.04,11128.27
1779522878325,bid,0.03,67266.66
1779522878325,bid,0.02,8824
1779522878325,bid,0.01,4096
1779522878325,ask,0.67,600
1779522878325,ask,0.68,635.64
1779522878325,ask,0.69,2215.69
1779522878325,ask,0.7,2138.26
1779522878325,ask,0.71,1422.53
1779522878325,ask,0.72,1538.88
1779522878325,ask,0.73,1200
1779522878325,ask,0.74,153
1779522878325,ask,0.75,4306.58
1779522878325,ask,0.76,4230.63
1779522878325,ask,0.78,505
1779522878325,ask,0.79,200
1779522878325,ask,0.83,2000
1779522878325,ask,0.84,200.1
1779522878325,ask,0.85,466.19
1779522878325,ask,0.86,2669.69
1779522878325,ask,0.87,9965.56
1779522878325,ask,0.88,8333.33
1779522878325,ask,0.89,818
1779522878325,ask,0.9,10600
1779522878325,ask,0.91,1999.99
1779522878325,ask,0.92,14125
1779522878325,ask,0.93,19471.42
1779522878325,ask,0.94,909.68
1779522878325,ask,0.95,33350
1779522878325,ask,0.96,2495.13
1779522878325,ask,0.97,48387.34
1779522878325,ask,0.98,111487.5
1779522878325,ask,0.99,16262
1779522990486,bid,0.66,1930.91
1779522990486,bid,0.65,1000
1779522990486,bid,0.64,1205
1779522990486,bid,0.63,896.72
1779522990486,bid,0.62,200
1779522990486,bid,0.6,200
1779522990486,bid,0.59,200
1779522990486,bid,0.58,200
1779522990486,bid,0.57,1665.11
1779522990486,bid,0.42,190
1779522990486,bid,0.41,508.47
1779522990486,bid,0.4,1750
1779522990486,bid,0.36,1166
1779522990486,bid,0.35,914.4
1779522990486,bid,0.34,3643.57
1779522990486,bid,0.33,99.99
1779522990486,bid,0.32,500
1779522990486,bid,0.29,2076.05
1779522990486,bid,0.28,5379.02
1779522990486,bid,0.26,500
1779522990486,bid,0.25,2160
1779522990486,bid,0.24,4166.66
1779522990486,bid,0.21,6661.9
1779522990486,bid,0.17,7870.58
1779522990486,bid,0.16,203.5
1779522990486,bid,0.15,2533
1779522990486,bid,0.14,10052.71
1779522990486,bid,0.11,2104.76
1779522990486,bid,0.1,16400
1779522990486,bid,0.08,1890.68
1779522990486,bid,0.07,25368.65
1779522990486,bid,0.05,4620
1779522990486,bid,0.04,3628.27
1779522990486,bid,0.03,67266.66
1779522990486,bid,0.02,8824
1779522990486,bid,0.01,4096
1779522990486,ask,0.67,600
1779522990486,ask,0.68,635.64
1779522990486,ask,0.69,2215.69
1779522990486,ask,0.7,2138.26
1779522990486,ask,0.71,1422.53
1779522990486,ask,0.72,1538.88
1779522990486,ask,0.73,1200
1779522990486,ask,0.74,153
1779522990486,ask,0.75,4306.58
1779522990486,ask,0.76,4230.63
1779522990486,ask,0.78,505
1779522990486,ask,0.79,200
1779522990486,ask,0.83,2000
1779522990486,ask,0.84,200.1
1779522990486,ask,0.85,999.19
1779522990486,ask,0.86,2669.69
1779522990486,ask,0.87,6632.23
1779522990486,ask,0.88,8333.33
1779522990486,ask,0.89,818
1779522990486,ask,0.9,10600
1779522990486,ask,0.91,1999.99
1779522990486,ask,0.92,14125
1779522990486,ask,0.93,19471.42
1779522990486,ask,0.94,909.68
1779522990486,ask,0.95,33350
1779522990486,ask,0.96,2495.13
1779522990486,ask,0.97,62387.34
1779522990486,ask,0.98,111487.5
1779522990486,ask,0.99,16262
1779523335628,bid,0.66,2049.01
1779523335628,bid,0.65,1200
1779523335628,bid,0.64,1605
1779523335628,bid,0.63,696.72
1779523335628,bid,0.62,200
1779523335628,bid,0.61,65
1779523335628,bid,0.6,200
1779523335628,bid,0.59,200
1779523335628,bid,0.58,200
1779523335628,bid,0.57,1865.11
1779523335628,bid,0.41,508.47
1779523335628,bid,0.4,1750
1779523335628,bid,0.35,914.4
1779523335628,bid,0.34,3643.57
1779523335628,bid,0.33,99.99
1779523335628,bid,0.32,500
1779523335628,bid,0.29,2076.05
1779523335628,bid,0.28,5379.02
1779523335628,bid,0.26,500
1779523335628,bid,0.25,2160
1779523335628,bid,0.24,4166.66
1779523335628,bid,0.21,6661.9
1779523335628,bid,0.17,7870.58
1779523335628,bid,0.16,203.5
1779523335628,bid,0.15,2533
1779523335628,bid,0.14,10052.71
1779523335628,bid,0.11,2104.76
1779523335628,bid,0.1,16400
1779523335628,bid,0.08,1890.68
1779523335628,bid,0.07,25368.65
1779523335628,bid,0.06,1500
1779523335628,bid,0.05,7620
1779523335628,bid,0.04,6128.27
1779523335628,bid,0.03,67266.66
1779523335628,bid,0.02,8824
1779523335628,bid,0.01,4096
1779523335628,ask,0.67,600
1779523335628,ask,0.68,635.64
1779523335628,ask,0.69,2415.69
1779523335628,ask,0.7,2138.26
1779523335628,ask,0.71,1422.53
1779523335628,ask,0.72,1538.88
1779523335628,ask,0.73,1200
1779523335628,ask,0.75,4306.58
1779523335628,ask,0.76,4230.63
1779523335628,ask,0.78,505
1779523335628,ask,0.79,200
1779523335628,ask,0.83,2000
1779523335628,ask,0.84,200.1
1779523335628,ask,0.85,999.19
1779523335628,ask,0.86,2669.69
1779523335628,ask,0.87,6632.23
1779523335628,ask,0.88,8333.33
1779523335628,ask,0.89,818
1779523335628,ask,0.9,10600
1779523335628,ask,0.91,1999.99
1779523335628,ask,0.92,14125
1779523335628,ask,0.93,19471.42
1779523335628,ask,0.94,909.68
1779523335628,ask,0.95,33350
1779523335628,ask,0.96,2495.13
1779523335628,ask,0.97,62387.34
1779523335628,ask,0.98,111487.5
1779523335628,ask,0.99,16262
1779523451923,bid,0.66,2049.01
1779523451923,bid,0.65,1200
1779523451923,bid,0.64,1605
1779523451923,bid,0.63,696.72
1779523451923,bid,0.62,200
1779523451923,bid,0.6,200
1779523451923,bid,0.59,200
1779523451923,bid,0.58,200
1779523451923,bid,0.57,1665.11
1779523451923,bid,0.55,200
1779523451923,bid,0.42,570
1779523451923,bid,0.41,508.47
1779523451923,bid,0.4,1750
1779523451923,bid,0.36,1166
1779523451923,bid,0.35,914.4
1779523451923,bid,0.34,3643.57
1779523451923,bid,0.33,99.99
1779523451923,bid,0.32,500
1779523451923,bid,0.29,2076.05
1779523451923,bid,0.28,5379.02
1779523451923,bid,0.26,500
1779523451923,bid,0.25,2160
1779523451923,bid,0.24,4166.66
1779523451923,bid,0.21,6661.9
1779523451923,bid,0.17,7870.58
1779523451923,bid,0.16,203.5
1779523451923,bid,0.15,2533
1779523451923,bid,0.14,10052.71
1779523451923,bid,0.11,2104.76
1779523451923,bid,0.1,16400
1779523451923,bid,0.08,1890.68
1779523451923,bid,0.07,25368.65
1779523451923,bid,0.05,820
1779523451923,bid,0.04,7428.27
1779523451923,bid,0.03,67266.66
1779523451923,bid,0.02,8824
1779523451923,bid,0.01,4096
1779523451923,ask,0.68,1245.8
1779523451923,ask,0.69,1931.39
1779523451923,ask,0.7,2546.26
1779523451923,ask,0.71,1422.53
1779523451923,ask,0.72,1538.88
1779523451923,ask,0.73,1200
1779523451923,ask,0.74,153
1779523451923,ask,0.75,4386.58
1779523451923,ask,0.76,4230.63
1779523451923,ask,0.78,505
1779523451923,ask,0.79,200
1779523451923,ask,0.83,2000
1779523451923,ask,0.84,200.1
1779523451923,ask,0.85,466.19
1779523451923,ask,0.86,2669.69
1779523451923,ask,0.87,9885.56
1779523451923,ask,0.88,8333.33
1779523451923,ask,0.9,10600
1779523451923,ask,0.91,1999.99
1779523451923,ask,0.92,14125
1779523451923,ask,0.93,19471.42
1779523451923,ask,0.94,909.68
1779523451923,ask,0.95,33350
1779523451923,ask,0.96,2495.13
1779523451923,ask,0.97,48387.34
1779523451923,ask,0.98,132487.5
1779523451923,ask,0.99,16262
1779523580211,bid,0.66,2049.01
1779523580211,bid,0.65,1200
1779523580211,bid,0.64,1605
1779523580211,bid,0.63,696.72
1779523580211,bid,0.62,200
1779523580211,bid,0.61,65
1779523580211,bid,0.6,200
1779523580211,bid,0.59,200
1779523580211,bid,0.58,200
1779523580211,bid,0.57,1665.11
1779523580211,bid,0.55,200
1779523580211,bid,0.41,508.47
1779523580211,bid,0.4,1750
1779523580211,bid,0.36,1166
1779523580211,bid,0.35,914.4
1779523580211,bid,0.34,3643.57
1779523580211,bid,0.33,99.99
1779523580211,bid,0.32,500
1779523580211,bid,0.29,2076.05
1779523580211,bid,0.28,5379.02
1779523580211,bid,0.26,500
1779523580211,bid,0.25,400
1779523580211,bid,0.24,4166.66
1779523580211,bid,0.21,6661.9
1779523580211,bid,0.17,7870.58
1779523580211,bid,0.16,203.5
1779523580211,bid,0.15,2533
1779523580211,bid,0.14,10052.71
1779523580211,bid,0.11,2104.76
1779523580211,bid,0.1,16400
1779523580211,bid,0.08,1890.68
1779523580211,bid,0.07,25368.65
1779523580211,bid,0.05,8320
1779523580211,bid,0.04,6928.27
1779523580211,bid,0.03,67266.66
1779523580211,bid,0.02,8824
1779523580211,bid,0.01,4096
1779523580211,ask,0.68,1245.8
1779523580211,ask,0.69,1931.39
1779523580211,ask,0.7,2842.26
1779523580211,ask,0.71,1422.53
1779523580211,ask,0.72,1538.88
1779523580211,ask,0.73,1200
1779523580211,ask,0.74,153
1779523580211,ask,0.75,4386.58
1779523580211,ask,0.76,4230.63
1779523580211,ask,0.78,505
1779523580211,ask,0.79,200
1779523580211,ask,0.83,2000
1779523580211,ask,0.84,200.1
1779523580211,ask,0.85,533.19
1779523580211,ask,0.86,2669.69
1779523580211,ask,0.87,9965.56
1779523580211,ask,0.88,8333.33
1779523580211,ask,0.89,818
1779523580211,ask,0.9,10600
1779523580211,ask,0.91,1999.99
1779523580211,ask,0.92,14125
1779523580211,ask,0.93,19471.42
1779523580211,ask,0.94,909.68
1779523580211,ask,0.95,33350
1779523580211,ask,0.96,2495.13
1779523580211,ask,0.97,48387.34
1779523580211,ask,0.98,131687.5
1779523580211,ask,0.99,16262
1779523702870,bid,0.66,2049.01
1779523702870,bid,0.65,1200
1779523702870,bid,0.64,1605
1779523702870,bid,0.63,696.72
1779523702870,bid,0.62,200
1779523702870,bid,0.61,65
1779523702870,bid,0.6,200
1779523702870,bid,0.59,200
1779523702870,bid,0.58,200
1779523702870,bid,0.57,1665.11
1779523702870,bid,0.55,200
1779523702870,bid,0.42,404
1779523702870,bid,0.41,508.47
1779523702870,bid,0.4,1750
1779523702870,bid,0.36,1166
1779523702870,bid,0.35,914.4
1779523702870,bid,0.34,3643.57
1779523702870,bid,0.33,99.99
1779523702870,bid,0.32,500
1779523702870,bid,0.29,2076.05
1779523702870,bid,0.28,5379.02
1779523702870,bid,0.26,500
1779523702870,bid,0.25,2160
1779523702870,bid,0.24,4166.66
1779523702870,bid,0.21,6661.9
1779523702870,bid,0.17,7870.58
1779523702870,bid,0.16,203.5
1779523702870,bid,0.14,10052.71
1779523702870,bid,0.11,2104.76
1779523702870,bid,0.1,16400
1779523702870,bid,0.08,1890.68
1779523702870,bid,0.07,25368.65
1779523702870,bid,0.06,6466
1779523702870,bid,0.05,3820
1779523702870,bid,0.04,3428.27
1779523702870,bid,0.03,67266.66
1779523702870,bid,0.02,8824
1779523702870,bid,0.01,4096
1779523702870,ask,0.68,1245.8
1779523702870,ask,0.69,1931.39
1779523702870,ask,0.7,2842.26
1779523702870,ask,0.71,1422.53
1779523702870,ask,0.72,1538.88
1779523702870,ask,0.73,1200
1779523702870,ask,0.74,153
1779523702870,ask,0.75,4386.58
1779523702870,ask,0.76,4230.63
1779523702870,ask,0.78,505
1779523702870,ask,0.79,200
1779523702870,ask,0.83,2000
1779523702870,ask,0.84,200.1
1779523702870,ask,0.85,0.19
1779523702870,ask,0.86,2669.69
1779523702870,ask,0.87,9965.56
1779523702870,ask,0.88,8333.33
1779523702870,ask,0.89,818
1779523702870,ask,0.9,10600
1779523702870,ask,0.91,1999.99
1779523702870,ask,0.92,14125
1779523702870,ask,0.93,19471.42
1779523702870,ask,0.94,909.68
1779523702870,ask,0.95,33350
1779523702870,ask,0.96,2495.13
1779523702870,ask,0.97,48387.34
1779523702870,ask,0.98,131687.5
1779523702870,ask,0.99,16262
1779524055331,bid,0.66,2049.01
1779524055331,bid,0.65,1400.1
1779524055331,bid,0.64,1605
1779524055331,bid,0.63,696.72
1779524055331,bid,0.62,200
1779524055331,bid,0.61,65
1779524055331,bid,0.6,200
1779524055331,bid,0.59,200
1779524055331,bid,0.58,200
1779524055331,bid,0.57,1665.11
1779524055331,bid,0.55,200
1779524055331,bid,0.42,380
1779524055331,bid,0.41,508.47
1779524055331,bid,0.4,1750
1779524055331,bid,0.36,1166
1779524055331,bid,0.35,914.4
1779524055331,bid,0.34,3643.57
1779524055331,bid,0.33,99.99
1779524055331,bid,0.32,500
1779524055331,bid,0.29,2076.05
1779524055331,bid,0.28,5379.02
1779524055331,bid,0.26,500
1779524055331,bid,0.25,2160
1779524055331,bid,0.24,4166.66
1779524055331,bid,0.21,6661.9
1779524055331,bid,0.17,7870.58
1779524055331,bid,0.16,203.5
1779524055331,bid,0.14,10052.71
1779524055331,bid,0.11,2104.76
1779524055331,bid,0.1,16400
1779524055331,bid,0.08,1890.68
1779524055331,bid,0.07,25368.65
1779524055331,bid,0.05,5420
1779524055331,bid,0.04,11128.27
1779524055331,bid,0.03,67266.66
1779524055331,bid,0.02,8824
1779524055331,bid,0.01,4096
1779524055331,ask,0.67,814.6
1779524055331,ask,0.68,835.74
1779524055331,ask,0.69,2299.11
1779524055331,ask,0.7,2852.54
1779524055331,ask,0.71,1422.53
1779524055331,ask,0.72,1538.88
1779524055331,ask,0.73,1200
1779524055331,ask,0.75,1361
1779524055331,ask,0.76,4230.63
1779524055331,ask,0.78,505
1779524055331,ask,0.79,200
1779524055331,ask,0.83,2000
1779524055331,ask,0.84,200.1
1779524055331,ask,0.85,466.19
1779524055331,ask,0.86,2669.69
1779524055331,ask,0.87,9965.55
1779524055331,ask,0.88,8333.33
1779524055331,ask,0.89,818
1779524055331,ask,0.9,10600
1779524055331,ask,0.91,1999.99
1779524055331,ask,0.92,14125
1779524055331,ask,0.93,19471.42
1779524055331,ask,0.94,909.68
1779524055331,ask,0.95,33350
1779524055331,ask,0.96,2495.13
1779524055331,ask,0.97,62387.34
1779524055331,ask,0.98,111487.5
1779524055331,ask,0.99,16262
1779524152566,bid,0.66,2049.01
1779524152566,bid,0.65,1400.1
1779524152566,bid,0.64,1605
1779524152566,bid,0.63,696.72
1779524152566,bid,0.62,200
1779524152566,bid,0.61,65
1779524152566,bid,0.6,200
1779524152566,bid,0.59,200
1779524152566,bid,0.58,200
1779524152566,bid,0.57,1665.11
1779524152566,bid,0.55,200
1779524152566,bid,0.42,356
1779524152566,bid,0.41,508.47
1779524152566,bid,0.4,1750
1779524152566,bid,0.36,1166
1779524152566,bid,0.35,914.4
1779524152566,bid,0.34,3643.57
1779524152566,bid,0.33,99.99
1779524152566,bid,0.32,500
1779524152566,bid,0.29,2076.05
1779524152566,bid,0.28,5379.02
1779524152566,bid,0.26,500
1779524152566,bid,0.25,2160
1779524152566,bid,0.24,4166.66
1779524152566,bid,0.21,6661.9
1779524152566,bid,0.17,7870.58
1779524152566,bid,0.16,203.5
1779524152566,bid,0.15,2533
1779524152566,bid,0.14,10052.71
1779524152566,bid,0.11,2104.76
1779524152566,bid,0.1,16400
1779524152566,bid,0.08,1890.68
1779524152566,bid,0.07,25368.65
1779524152566,bid,0.05,20
1779524152566,bid,0.04,8428.27
1779524152566,bid,0.03,67266.66
1779524152566,bid,0.02,8824
1779524152566,bid,0.01,4096
1779524152566,ask,0.67,600
1779524152566,ask,0.68,770.34
1779524152566,ask,0.69,2299.11
1779524152566,ask,0.7,2852.54
1779524152566,ask,0.71,1422.53
1779524152566,ask,0.72,1538.88
1779524152566,ask,0.73,1200
1779524152566,ask,0.74,153
1779524152566,ask,0.75,1361
1779524152566,ask,0.76,4230.63
1779524152566,ask,0.78,505
1779524152566,ask,0.79,200
1779524152566,ask,0.83,2000
1779524152566,ask,0.84,200.1
1779524152566,ask,0.85,0.19
1779524152566,ask,0.86,2669.69
1779524152566,ask,0.87,9965.55
1779524152566,ask,0.88,8333.33
1779524152566,ask,0.89,818
1779524152566,ask,0.9,10600
1779524152566,ask,0.91,1999.99
1779524152566,ask,0.92,14125
1779524152566,ask,0.93,19471.42
1779524152566,ask,0.94,909.68
1779524152566,ask,0.95,33350
1779524152566,ask,0.96,2495.13
1779524152566,ask,0.97,62387.34
1779524152566,ask,0.98,111487.5
1779524152566,ask,0.99,16262
1779524259101,bid,0.66,2049.01
1779524259101,bid,0.65,2131.1
1779524259101,bid,0.64,1605
1779524259101,bid,0.63,696.72
1779524259101,bid,0.62,200
1779524259101,bid,0.6,950
1779524259101,bid,0.59,200
1779524259101,bid,0.58,200
1779524259101,bid,0.57,1665.11
1779524259101,bid,0.55,200
1779524259101,bid,0.41,365
1779524259101,bid,0.4,1750
1779524259101,bid,0.35,1200
1779524259101,bid,0.34,2886
1779524259101,bid,0.33,99.99
1779524259101,bid,0.32,500
1779524259101,bid,0.29,3206.9
1779524259101,bid,0.28,5379.02
1779524259101,bid,0.26,500
1779524259101,bid,0.25,400
1779524259101,bid,0.24,4166.66
1779524259101,bid,0.21,6661.9
1779524259101,bid,0.17,7870.58
1779524259101,bid,0.16,203.5
1779524259101,bid,0.15,2533
1779524259101,bid,0.14,10052.71
1779524259101,bid,0.11,2104.76
1779524259101,bid,0.1,16400
1779524259101,bid,0.08,1890.68
1779524259101,bid,0.07,25368.65
1779524259101,bid,0.05,5420
1779524259101,bid,0.04,11128.27
1779524259101,bid,0.03,67266.66
1779524259101,bid,0.02,8824
1779524259101,bid,0.01,4096
1779524259101,ask,0.67,600
1779524259101,ask,0.68,1096.34
1779524259101,ask,0.69,2299.11
1779524259101,ask,0.7,2852.54
1779524259101,ask,0.71,1422.53
1779524259101,ask,0.72,1538.88
1779524259101,ask,0.73,1200
1779524259101,ask,0.75,1361
1779524259101,ask,0.76,4230.63
1779524259101,ask,0.78,505
1779524259101,ask,0.79,200
1779524259101,ask,0.83,2000
1779524259101,ask,0.84,200.1
1779524259101,ask,0.85,533.19
1779524259101,ask,0.86,2669.69
1779524259101,ask,0.87,9965.55
1779524259101,ask,0.88,8333.33
1779524259101,ask,0.9,10600
1779524259101,ask,0.91,1999.99
1779524259101,ask,0.92,14125
1779524259101,ask,0.93,19471.42
1779524259101,ask,0.94,909.68
1779524259101,ask,0.95,33350
1779524259101,ask,0.96,2495.13
1779524259101,ask,0.97,62387.34
1779524259101,ask,0.98,111487.5
1779524259101,ask,0.99,16262
1779524584179,bid,0.66,1449.01
1779524584179,bid,0.65,1400.1
1779524584179,bid,0.64,1605
1779524584179,bid,0.63,696.72
1779524584179,bid,0.62,200
1779524584179,bid,0.6,950
1779524584179,bid,0.59,200
1779524584179,bid,0.58,200
1779524584179,bid,0.57,1665.11
1779524584179,bid,0.55,200
1779524584179,bid,0.41,584
1779524584179,bid,0.4,1750
1779524584179,bid,0.36,1166
1779524584179,bid,0.35,1154.4
1779524584179,bid,0.34,2886
1779524584179,bid,0.33,99.99
1779524584179,bid,0.32,500
1779524584179,bid,0.29,3206.9
1779524584179,bid,0.28,5379.02
1779524584179,bid,0.26,500
1779524584179,bid,0.25,2160
1779524584179,bid,0.24,4166.66
1779524584179,bid,0.21,6661.9
1779524584179,bid,0.17,7870.58
1779524584179,bid,0.16,203.5
1779524584179,bid,0.15,2533
1779524584179,bid,0.14,10052.71
1779524584179,bid,0.11,2104.76
1779524584179,bid,0.1,16400
1779524584179,bid,0.08,1890.68
1779524584179,bid,0.07,25368.65
1779524584179,bid,0.06,4300
1779524584179,bid,0.05,6820
1779524584179,bid,0.04,3428.27
1779524584179,bid,0.03,67266.66
1779524584179,bid,0.02,8824
1779524584179,bid,0.01,4096
1779524584179,ask,0.68,560.24
1779524584179,ask,0.69,2099.21
1779524584179,ask,0.7,2538.26
1779524584179,ask,0.71,1422.53
1779524584179,ask,0.72,1538.88
1779524584179,ask,0.73,1200
1779524584179,ask,0.74,153
1779524584179,ask,0.75,4386.58
1779524584179,ask,0.76,4230.63
1779524584179,ask,0.78,505
1779524584179,ask,0.79,200
1779524584179,ask,0.83,2000
1779524584179,ask,0.84,200.1
1779524584179,ask,0.85,533.19
1779524584179,ask,0.86,2669.69
1779524584179,ask,0.87,9965.56
1779524584179,ask,0.88,8333.33
1779524584179,ask,0.9,10600
1779524584179,ask,0.91,1999.99
1779524584179,ask,0.92,14125
1779524584179,ask,0.93,19471.42
1779524584179,ask,0.94,909.68
1779524584179,ask,0.95,33350
1779524584179,ask,0.96,2495.13
1779524584179,ask,0.97,48387.34
1779524584179,ask,0.98,110687.5
1779524584179,ask,0.99,16262
1779524693081,bid,0.66,1449.01
1779524693081,bid,0.65,1400.1
1779524693081,bid,0.64,1605
1779524693081,bid,0.63,696.72
1779524693081,bid,0.62,200
1779524693081,bid,0.61,65
1779524693081,bid,0.6,950
1779524693081,bid,0.59,200
1779524693081,bid,0.58,200
1779524693081,bid,0.57,1665.11
1779524693081,bid,0.55,200
1779524693081,bid,0.41,389
1779524693081,bid,0.4,1750
1779524693081,bid,0.35,1154.4
1779524693081,bid,0.34,2886
1779524693081,bid,0.33,99.99
1779524693081,bid,0.32,500
1779524693081,bid,0.29,3206.9
1779524693081,bid,0.28,5379.02
1779524693081,bid,0.26,500
1779524693081,bid,0.25,2160
1779524693081,bid,0.24,4166.66
1779524693081,bid,0.21,6661.9
1779524693081,bid,0.17,7870.58
1779524693081,bid,0.16,203.5
1779524693081,bid,0.15,2533
1779524693081,bid,0.14,10052.71
1779524693081,bid,0.11,2104.76
1779524693081,bid,0.1,16400
1779524693081,bid,0.08,1890.68
1779524693081,bid,0.07,25368.65
1779524693081,bid,0.05,6820
1779524693081,bid,0.04,6928.27
1779524693081,bid,0.03,67266.66
1779524693081,bid,0.02,8824
1779524693081,bid,0.01,4096
1779524693081,ask,0.67,222
1779524693081,ask,0.68,560.24
1779524693081,ask,0.69,2499.21
1779524693081,ask,0.7,2138.26
1779524693081,ask,0.71,1422.53
1779524693081,ask,0.72,1538.88
1779524693081,ask,0.73,1200
1779524693081,ask,0.74,153
1779524693081,ask,0.75,4386.58
1779524693081,ask,0.76,4230.63
1779524693081,ask,0.78,505
1779524693081,ask,0.79,200
1779524693081,ask,0.83,2000
1779524693081,ask,0.84,200.1
1779524693081,ask,0.85,533.19
1779524693081,ask,0.86,2669.69
1779524693081,ask,0.87,9965.56
1779524693081,ask,0.88,8333.33
1779524693081,ask,0.89,818
1779524693081,ask,0.9,10600
1779524693081,ask,0.91,1999.99
1779524693081,ask,0.92,14125
1779524693081,ask,0.93,19471.42
1779524693081,ask,0.94,909.68
1779524693081,ask,0.95,33350
1779524693081,ask,0.96,2495.13
1779524693081,ask,0.97,62387.34
1779524693081,ask,0.98,111487.5
1779524693081,ask,0.99,16262
1779524798934,bid,0.66,1386.75
1779524798934,bid,0.65,1200
1779524798934,bid,0.64,1805.1
1779524798934,bid,0.63,696.72
1779524798934,bid,0.62,200
1779524798934,bid,0.61,65
1779524798934,bid,0.6,950
1779524798934,bid,0.59,200
1779524798934,bid,0.58,200
1779524798934,bid,0.57,1665.11
1779524798934,bid,0.55,200
1779524798934,bid,0.41,414
1779524798934,bid,0.4,1750
1779524798934,bid,0.36,1166
1779524798934,bid,0.35,1154.4
1779524798934,bid,0.34,2886
1779524798934,bid,0.33,99.99
1779524798934,bid,0.32,500
1779524798934,bid,0.29,3206.9
1779524798934,bid,0.28,5379.02
1779524798934,bid,0.26,500
1779524798934,bid,0.25,2160
1779524798934,bid,0.24,4166.66
1779524798934,bid,0.21,6661.9
1779524798934,bid,0.17,7870.58
1779524798934,bid,0.16,203.5
1779524798934,bid,0.15,2533
1779524798934,bid,0.14,10052.71
1779524798934,bid,0.11,2104.76
1779524798934,bid,0.1,16400
1779524798934,bid,0.08,1890.68
1779524798934,bid,0.07,25368.65
1779524798934,bid,0.05,20
1779524798934,bid,0.04,8428.27
1779524798934,bid,0.03,67266.66
1779524798934,bid,0.02,8824
1779524798934,bid,0.01,4096
1779524798934,ask,0.67,222
1779524798934,ask,0.68,498
1779524798934,ask,0.69,2499.21
1779524798934,ask,0.7,2138.26
1779524798934,ask,0.71,1422.53
1779524798934,ask,0.72,1538.88
1779524798934,ask,0.73,1200
1779524798934,ask,0.75,4386.58
1779524798934,ask,0.76,4230.63
1779524798934,ask,0.78,505
1779524798934,ask,0.79,200
1779524798934,ask,0.83,2000
1779524798934,ask,0.84,200.1
1779524798934,ask,0.85,466.19
1779524798934,ask,0.86,2669.69
1779524798934,ask,0.87,9965.56
1779524798934,ask,0.88,8333.33
1779524798934,ask,0.89,818
1779524798934,ask,0.9,10600
1779524798934,ask,0.91,1999.99
1779524798934,ask,0.92,14125
1779524798934,ask,0.93,19471.42
1779524798934,ask,0.94,909.68
1779524798934,ask,0.95,33350
1779524798934,ask,0.96,2495.13
1779524798934,ask,0.97,62387.34
1779524798934,ask,0.98,111487.5
1779524798934,ask,0.99,16262
1779525135000,bid,0.66,1386.75
1779525135000,bid,0.65,1200
1779525135000,bid,0.64,1805.1
1779525135000,bid,0.63,696.72
1779525135000,bid,0.62,200
1779525135000,bid,0.6,950
1779525135000,bid,0.59,200
1779525135000,bid,0.58,200
1779525135000,bid,0.57,1665.11
1779525135000,bid,0.55,200
1779525135000,bid,0.41,414
1779525135000,bid,0.4,1750
1779525135000,bid,0.36,1166
1779525135000,bid,0.35,1154.4
1779525135000,bid,0.34,2886
1779525135000,bid,0.33,99.99
1779525135000,bid,0.32,500
1779525135000,bid,0.29,3206.9
1779525135000,bid,0.28,5379.02
1779525135000,bid,0.26,500
1779525135000,bid,0.25,2160
1779525135000,bid,0.24,4166.66
1779525135000,bid,0.21,6661.9
1779525135000,bid,0.17,7870.58
1779525135000,bid,0.16,203.5
1779525135000,bid,0.15,2533
1779525135000,bid,0.14,10052.71
1779525135000,bid,0.11,2104.76
1779525135000,bid,0.1,16400
1779525135000,bid,0.08,1890.68
1779525135000,bid,0.07,25368.65
1779525135000,bid,0.06,1600
1779525135000,bid,0.05,6820
1779525135000,bid,0.04,6428.27
1779525135000,bid,0.03,67266.66
1779525135000,bid,0.02,8824
1779525135000,bid,0.01,4096
1779525135000,ask,0.67,222
1779525135000,ask,0.68,498
1779525135000,ask,0.69,2499.21
1779525135000,ask,0.7,2138.26
1779525135000,ask,0.71,1422.53
1779525135000,ask,0.72,1538.88
1779525135000,ask,0.73,1200
1779525135000,ask,0.75,4386.58
1779525135000,ask,0.76,4230.63
1779525135000,ask,0.78,505
1779525135000,ask,0.79,200
1779525135000,ask,0.83,2000
1779525135000,ask,0.84,200.1
1779525135000,ask,0.85,0.19
1779525135000,ask,0.86,2669.69
1779525135000,ask,0.87,9965.56
1779525135000,ask,0.88,8333.33
1779525135000,ask,0.9,10600
1779525135000,ask,0.91,1999.99
1779525135000,ask,0.92,14125
1779525135000,ask,0.93,19471.42
1779525135000,ask,0.94,909.68
1779525135000,ask,0.95,33350
1779525135000,ask,0.96,2495.13
1779525135000,ask,0.97,48387.34
1779525135000,ask,0.98,111487.5
1779525135000,ask,0.99,16262
1779525238629,bid,0.66,1363
1779525238629,bid,0.65,1200
1779525238629,bid,0.64,1805.1
1779525238629,bid,0.63,696.72
1779525238629,bid,0.62,200
1779525238629,bid,0.6,950
1779525238629,bid,0.59,200
1779525238629,bid,0.58,200
1779525238629,bid,0.57,1665.11
1779525238629,bid,0.55,200
1779525238629,bid,0.41,365
1779525238629,bid,0.4,1750
1779525238629,bid,0.36,1166
1779525238629,bid,0.35,1154.4
1779525238629,bid,0.34,2886
1779525238629,bid,0.33,99.99
1779525238629,bid,0.32,500
1779525238629,bid,0.29,3206.9
1779525238629,bid,0.28,5379.02
1779525238629,bid,0.26,500
1779525238629,bid,0.25,2160
1779525238629,bid,0.24,4166.66
1779525238629,bid,0.21,6661.9
1779525238629,bid,0.17,7870.58
1779525238629,bid,0.16,203.5
1779525238629,bid,0.15,2533
1779525238629,bid,0.14,10052.71
1779525238629,bid,0.11,2104.76
1779525238629,bid,0.1,16400
1779525238629,bid,0.08,1890.68
1779525238629,bid,0.07,25368.65
1779525238629,bid,0.05,20
1779525238629,bid,0.04,8428.27
1779525238629,bid,0.03,67266.66
1779525238629,bid,0.02,8824
1779525238629,bid,0.01,4096
1779525238629,ask,0.67,83.14
1779525238629,ask,0.68,498
1779525238629,ask,0.69,2099.21
1779525238629,ask,0.7,2138.26
1779525238629,ask,0.71,1422.53
1779525238629,ask,0.72,1538.88
1779525238629,ask,0.73,1200
1779525238629,ask,0.74,153
1779525238629,ask,0.75,4386.58
1779525238629,ask,0.76,4230.63
1779525238629,ask,0.78,505
1779525238629,ask,0.79,200
1779525238629,ask,0.83,2000
1779525238629,ask,0.84,200.1
1779525238629,ask,0.85,533.19
1779525238629,ask,0.86,2669.69
1779525238629,ask,0.87,9965.56
1779525238629,ask,0.88,8333.33
1779525238629,ask,0.89,818
1779525238629,ask,0.9,10600
1779525238629,ask,0.91,1999.99
1779525238629,ask,0.92,14125
1779525238629,ask,0.93,19471.42
1779525238629,ask,0.94,909.68
1779525238629,ask,0.95,33350
1779525238629,ask,0.96,2495.13
1779525238629,ask,0.97,62387.34
1779525238629,ask,0.98,111487.5
1779525238629,ask,0.99,16262
1779525356136,bid,0.66,1363
1779525356136,bid,0.65,1656.4
1779525356136,bid,0.64,1605
1779525356136,bid,0.63,696.72
1779525356136,bid,0.62,200
1779525356136,bid,0.61,65
1779525356136,bid,0.6,950
1779525356136,bid,0.59,200
1779525356136,bid,0.58,200
1779525356136,bid,0.57,1665.11
1779525356136,bid,0.55,200
1779525356136,bid,0.4,1250
1779525356136,bid,0.36,444
1779525356136,bid,0.35,1200
1779525356136,bid,0.34,2886
1779525356136,bid,0.33,99.99
1779525356136,bid,0.32,500
1779525356136,bid,0.29,3206.9
1779525356136,bid,0.28,3990.14
1779525356136,bid,0.26,500
1779525356136,bid,0.25,400
1779525356136,bid,0.24,4166.66
1779525356136,bid,0.22,2000
1779525356136,bid,0.21,6661.9
1779525356136,bid,0.17,7870.58
1779525356136,bid,0.16,203.5
1779525356136,bid,0.14,10052.71
1779525356136,bid,0.1,16400
1779525356136,bid,0.08,1890.68
1779525356136,bid,0.07,25368.65
1779525356136,bid,0.05,4620
1779525356136,bid,0.04,9756
1779525356136,bid,0.03,67266.66
1779525356136,bid,0.02,8824
1779525356136,bid,0.01,4096
1779525356136,ask,0.67,91.14
1779525356136,ask,0.68,498
1779525356136,ask,0.69,2099.21
1779525356136,ask,0.7,2138.26
1779525356136,ask,0.71,1422.53
1779525356136,ask,0.72,1400
1779525356136,ask,0.73,1200
1779525356136,ask,0.75,1361
1779525356136,ask,0.76,4230.63
1779525356136,ask,0.78,505
1779525356136,ask,0.79,200
1779525356136,ask,0.83,2000
1779525356136,ask,0.84,200.1
1779525356136,ask,0.85,0.19
1779525356136,ask,0.86,1086.8
1779525356136,ask,0.87,9965.56
1779525356136,ask,0.88,8333.33
1779525356136,ask,0.89,818
1779525356136,ask,0.9,10600
1779525356136,ask,0.91,1999.99
1779525356136,ask,0.92,14125
1779525356136,ask,0.93,19471.42
1779525356136,ask,0.94,909.68
1779525356136,ask,0.95,33350
1779525356136,ask,0.96,2495.13
1779525356136,ask,0.97,62387.34
1779525356136,ask,0.98,111487.5
1779525356136,ask,0.99,16262
1779525688426,bid,0.66,1351.38
1779525688426,bid,0.65,1656.4
1779525688426,bid,0.64,1405
1779525688426,bid,0.63,1237.26
1779525688426,bid,0.62,200
1779525688426,bid,0.61,65
1779525688426,bid,0.6,200
1779525688426,bid,0.59,200
1779525688426,bid,0.58,200
1779525688426,bid,0.57,1897.67
1779525688426,bid,0.55,200
1779525688426,bid,0.4,1250
1779525688426,bid,0.36,472
1779525688426,bid,0.35,1923.63
1779525688426,bid,0.34,2886
1779525688426,bid,0.33,99.99
1779525688426,bid,0.32,500
1779525688426,bid,0.3,1400
1779525688426,bid,0.29,2208.45
1779525688426,bid,0.28,3990.14
1779525688426,bid,0.26,500
1779525688426,bid,0.25,2160
1779525688426,bid,0.24,4166.66
1779525688426,bid,0.21,6661.9
1779525688426,bid,0.17,7870.58
1779525688426,bid,0.16,203.5
1779525688426,bid,0.15,2533
1779525688426,bid,0.14,10052.71
1779525688426,bid,0.11,6560
1779525688426,bid,0.1,16400
1779525688426,bid,0.08,604.66
1779525688426,bid,0.07,25368.65
1779525688426,bid,0.05,6820
1779525688426,bid,0.04,7652.05
1779525688426,bid,0.03,67266.66
1779525688426,bid,0.02,8824
1779525688426,bid,0.01,4096
1779525688426,ask,0.67,91.14
1779525688426,ask,0.68,336.5
1779525688426,ask,0.69,2055.4
1779525688426,ask,0.7,2566.83
1779525688426,ask,0.71,1000
1779525688426,ask,0.72,2094.44
1779525688426,ask,0.73,1200
1779525688426,ask,0.74,153
1779525688426,ask,0.75,4386.58
1779525688426,ask,0.76,5546.41
1779525688426,ask,0.78,505
1779525688426,ask,0.79,200
1779525688426,ask,0.83,2000
1779525688426,ask,0.84,200.1
1779525688426,ask,0.85,466.19
1779525688426,ask,0.86,2669.69
1779525688426,ask,0.87,9965.56
1779525688426,ask,0.88,8333.33
1779525688426,ask,0.9,10600
1779525688426,ask,0.91,1999.99
1779525688426,ask,0.92,14125
1779525688426,ask,0.93,19471.42
1779525688426,ask,0.94,1966.22
1779525688426,ask,0.95,33350
1779525688426,ask,0.96,1069.07
1779525688426,ask,0.97,48222.81
1779525688426,ask,0.98,111487.5
1779525688426,ask,0.99,16262
1779525820218,bid,0.66,1151.38
1779525820218,bid,0.65,1456.3
1779525820218,bid,0.64,1405
1779525820218,bid,0.63,1237.26
1779525820218,bid,0.62,200
1779525820218,bid,0.6,200
1779525820218,bid,0.59,200
1779525820218,bid,0.58,200
1779525820218,bid,0.57,1897.67
1779525820218,bid,0.55,200
1779525820218,bid,0.4,1250
1779525820218,bid,0.36,472
1779525820218,bid,0.35,1923.63
1779525820218,bid,0.34,2886
1779525820218,bid,0.33,99.99
1779525820218,bid,0.32,500
1779525820218,bid,0.3,1400
1779525820218,bid,0.29,2208.45
1779525820218,bid,0.28,3990.14
1779525820218,bid,0.26,500
1779525820218,bid,0.25,2160
1779525820218,bid,0.24,4166.66
1779525820218,bid,0.21,6661.9
1779525820218,bid,0.17,7870.58
1779525820218,bid,0.16,203.5
1779525820218,bid,0.15,2533
1779525820218,bid,0.14,10052.71
1779525820218,bid,0.11,6560
1779525820218,bid,0.1,16400
1779525820218,bid,0.08,604.66
1779525820218,bid,0.07,25368.65
1779525820218,bid,0.05,820
1779525820218,bid,0.04,6852.05
1779525820218,bid,0.03,67266.66
1779525820218,bid,0.02,8824
1779525820218,bid,0.01,4096
1779525820218,ask,0.67,88.15
1779525820218,ask,0.68,836.5
1779525820218,ask,0.69,1855.3
1779525820218,ask,0.7,3168.14
1779525820218,ask,0.71,1704.22
1779525820218,ask,0.72,2094.44
1779525820218,ask,0.73,1200
1779525820218,ask,0.74,153
1779525820218,ask,0.75,4386.58
1779525820218,ask,0.76,5546.41
1779525820218,ask,0.78,505
1779525820218,ask,0.79,200
1779525820218,ask,0.83,2000
1779525820218,ask,0.84,200.1
1779525820218,ask,0.85,466.19
1779525820218,ask,0.86,2669.69
1779525820218,ask,0.87,6632.23
1779525820218,ask,0.88,8333.33
1779525820218,ask,0.89,818
1779525820218,ask,0.9,10600
1779525820218,ask,0.91,1999.99
1779525820218,ask,0.92,14125
1779525820218,ask,0.93,19471.42
1779525820218,ask,0.94,1966.22
1779525820218,ask,0.95,33350
1779525820218,ask,0.96,3720.71
1779525820218,ask,0.97,62222.81
1779525820218,ask,0.98,111487.5
1779525820218,ask,0.99,16262
1779525934427,bid,0.66,1151.38
1779525934427,bid,0.65,1456.3
1779525934427,bid,0.64,1405
1779525934427,bid,0.63,1237.26
1779525934427,bid,0.62,200
1779525934427,bid,0.61,65
1779525934427,bid,0.6,200
1779525934427,bid,0.59,200
1779525934427,bid,0.58,959.06
1779525934427,bid,0.57,1897.67
1779525934427,bid,0.55,200
1779525934427,bid,0.4,1250
1779525934427,bid,0.38,394
1779525934427,bid,0.37,793.65
1779525934427,bid,0.36,781.25
1779525934427,bid,0.35,769.23
1779525934427,bid,0.34,2886
1779525934427,bid,0.33,99.99
1779525934427,bid,0.32,500
1779525934427,bid,0.3,1400
1779525934427,bid,0.29,800
1779525934427,bid,0.28,3990.14
1779525934427,bid,0.26,500
1779525934427,bid,0.25,400
1779525934427,bid,0.24,4166.66
1779525934427,bid,0.21,6661.9
1779525934427,bid,0.17,7870.58
1779525934427,bid,0.16,203.5
1779525934427,bid,0.15,2533
1779525934427,bid,0.14,10052.71
1779525934427,bid,0.11,6560
1779525934427,bid,0.1,16400
1779525934427,bid,0.08,604.66
1779525934427,bid,0.07,25368.65
1779525934427,bid,0.06,5666
1779525934427,bid,0.05,5420
1779525934427,bid,0.04,1852.05
1779525934427,bid,0.03,67266.66
1779525934427,bid,0.02,8824
1779525934427,bid,0.01,4096
1779525934427,ask,0.67,88.15
1779525934427,ask,0.68,836.5
1779525934427,ask,0.69,1855.3
1779525934427,ask,0.7,3168.14
1779525934427,ask,0.71,1704.22
1779525934427,ask,0.72,2094.44
1779525934427,ask,0.73,1200
1779525934427,ask,0.74,153
1779525934427,ask,0.75,4386.58
1779525934427,ask,0.76,5546.41
1779525934427,ask,0.78,505
1779525934427,ask,0.79,200
1779525934427,ask,0.83,2000
1779525934427,ask,0.84,200.1
1779525934427,ask,0.85,0.19
1779525934427,ask,0.86,1086.8
1779525934427,ask,0.87,6632.23
1779525934427,ask,0.88,8333.33
1779525934427,ask,0.9,10600
1779525934427,ask,0.91,1999.99
1779525934427,ask,0.92,14125
1779525934427,ask,0.93,19471.42
1779525934427,ask,0.94,1966.22
1779525934427,ask,0.95,33350
1779525934427,ask,0.96,3720.71
1779525934427,ask,0.97,62222.81
1779525934427,ask,0.98,111487.5
1779525934427,ask,0.99,16262
1779526038278,bid,0.66,1176.38
1779526038278,bid,0.65,1456.3
1779526038278,bid,0.64,1405
1779526038278,bid,0.63,1237.26
1779526038278,bid,0.62,200
1779526038278,bid,0.6,200
1779526038278,bid,0.59,200
1779526038278,bid,0.58,959.06
1779526038278,bid,0.57,1897.67
1779526038278,bid,0.55,200
1779526038278,bid,0.4,1250
1779526038278,bid,0.37,793.65
1779526038278,bid,0.36,781.25
1779526038278,bid,0.35,1164.57
1779526038278,bid,0.34,2886
1779526038278,bid,0.33,99.99
1779526038278,bid,0.32,500
1779526038278,bid,0.3,1400
1779526038278,bid,0.29,800
1779526038278,bid,0.28,3990.14
1779526038278,bid,0.26,500
1779526038278,bid,0.25,2160
1779526038278,bid,0.24,4166.66
1779526038278,bid,0.21,6661.9
1779526038278,bid,0.17,7870.58
1779526038278,bid,0.16,203.5
1779526038278,bid,0.14,10052.71
1779526038278,bid,0.11,6560
1779526038278,bid,0.1,16400
1779526038278,bid,0.08,604.66
1779526038278,bid,0.07,25368.65
1779526038278,bid,0.05,9120
1779526038278,bid,0.04,4352.05
1779526038278,bid,0.03,67266.66
1779526038278,bid,0.02,8824
1779526038278,bid,0.01,4096
1779526038278,ask,0.67,88.15
1779526038278,ask,0.68,866.5
1779526038278,ask,0.69,1855.3
1779526038278,ask,0.7,3168.14
1779526038278,ask,0.71,1704.22
1779526038278,ask,0.72,2094.44
1779526038278,ask,0.73,1200
1779526038278,ask,0.74,153
1779526038278,ask,0.75,4386.58
1779526038278,ask,0.76,5546.41
1779526038278,ask,0.78,505
1779526038278,ask,0.79,200
1779526038278,ask,0.83,2000
1779526038278,ask,0.84,200.1
1779526038278,ask,0.85,0.19
1779526038278,ask,0.86,1086.8
1779526038278,ask,0.87,6632.23
1779526038278,ask,0.88,8333.33
1779526038278,ask,0.9,10600
1779526038278,ask,0.91,1999.99
1779526038278,ask,0.92,14125
1779526038278,ask,0.93,19471.42
1779526038278,ask,0.94,1966.22
1779526038278,ask,0.95,33350
1779526038278,ask,0.96,3720.71
1779526038278,ask,0.97,62222.81
1779526038278,ask,0.98,111487.5
1779526038278,ask,0.99,16262
1779526390181,bid,0.66,1151.38
1779526390181,bid,0.65,1680.87
1779526390181,bid,0.64,1605
1779526390181,bid,0.63,1237.26
1779526390181,bid,0.62,200
1779526390181,bid,0.61,65
1779526390181,bid,0.6,200
1779526390181,bid,0.59,200
1779526390181,bid,0.58,200
1779526390181,bid,0.57,1897.67
1779526390181,bid,0.55,200
1779526390181,bid,0.4,1250
1779526390181,bid,0.38,394
1779526390181,bid,0.37,793.65
1779526390181,bid,0.36,781.25
1779526390181,bid,0.35,769.23
1779526390181,bid,0.34,2886
1779526390181,bid,0.33,99.99
1779526390181,bid,0.32,500
1779526390181,bid,0.3,1400
1779526390181,bid,0.29,800
1779526390181,bid,0.28,3990.14
1779526390181,bid,0.26,500
1779526390181,bid,0.25,2160
1779526390181,bid,0.24,4166.66
1779526390181,bid,0.21,6661.9
1779526390181,bid,0.17,7870.58
1779526390181,bid,0.16,203.5
1779526390181,bid,0.14,10052.71
1779526390181,bid,0.11,6560
1779526390181,bid,0.1,16400
1779526390181,bid,0.08,604.66
1779526390181,bid,0.07,25368.65
1779526390181,bid,0.05,20
1779526390181,bid,0.04,7652.05
1779526390181,bid,0.03,67266.66
1779526390181,bid,0.02,8824
1779526390181,bid,0.01,4096
1779526390181,ask,0.67,72.16
1779526390181,ask,0.68,836.5
1779526390181,ask,0.69,2395.7
1779526390181,ask,0.7,2566.83
1779526390181,ask,0.71,1704.22
1779526390181,ask,0.72,2094.44
1779526390181,ask,0.73,1200
1779526390181,ask,0.74,153
1779526390181,ask,0.75,4386.58
1779526390181,ask,0.76,5546.41
1779526390181,ask,0.78,505
1779526390181,ask,0.79,200
1779526390181,ask,0.83,2000
1779526390181,ask,0.84,200.1
1779526390181,ask,0.85,0.19
1779526390181,ask,0.86,1086.8
1779526390181,ask,0.87,6632.23
1779526390181,ask,0.88,8333.33
1779526390181,ask,0.9,10600
1779526390181,ask,0.91,1999.99
1779526390181,ask,0.92,14125
1779526390181,ask,0.93,19471.42
1779526390181,ask,0.94,1966.22
1779526390181,ask,0.95,33350
1779526390181,ask,0.96,3720.71
1779526390181,ask,0.97,62222.81
1779526390181,ask,0.98,111487.5
1779526390181,ask,0.99,16262
1779526507130,bid,0.66,1151.38
1779526507130,bid,0.65,1680.87
1779526507130,bid,0.64,2605
1779526507130,bid,0.63,1237.26
1779526507130,bid,0.62,200
1779526507130,bid,0.6,200
1779526507130,bid,0.59,200
1779526507130,bid,0.58,200
1779526507130,bid,0.57,1897.67
1779526507130,bid,0.55,200
1779526507130,bid,0.4,1250
1779526507130,bid,0.38,630
1779526507130,bid,0.37,793.65
1779526507130,bid,0.36,781.25
1779526507130,bid,0.35,769.23
1779526507130,bid,0.34,2886
1779526507130,bid,0.33,99.99
1779526507130,bid,0.32,500
1779526507130,bid,0.3,1400
1779526507130,bid,0.29,800
1779526507130,bid,0.28,3990.14
1779526507130,bid,0.26,500
1779526507130,bid,0.25,400
1779526507130,bid,0.24,4166.66
1779526507130,bid,0.21,6661.9
1779526507130,bid,0.17,7870.58
1779526507130,bid,0.16,203.5
1779526507130,bid,0.15,2533
1779526507130,bid,0.14,10052.71
1779526507130,bid,0.11,6560
1779526507130,bid,0.1,16400
1779526507130,bid,0.08,604.66
1779526507130,bid,0.07,25368.65
1779526507130,bid,0.06,5666
1779526507130,bid,0.05,820
1779526507130,bid,0.04,6652.05
1779526507130,bid,0.03,67266.66
1779526507130,bid,0.02,8824
1779526507130,bid,0.01,4096
1779526507130,ask,0.67,72.16
1779526507130,ask,0.68,836.5
1779526507130,ask,0.69,2834.7
1779526507130,ask,0.7,2566.83
1779526507130,ask,0.71,1704.22
1779526507130,ask,0.72,2094.44
1779526507130,ask,0.73,1200
1779526507130,ask,0.74,153
1779526507130,ask,0.75,4386.58
1779526507130,ask,0.76,5546.41
1779526507130,ask,0.78,505
1779526507130,ask,0.79,200
1779526507130,ask,0.83,2000
1779526507130,ask,0.84,200.1
1779526507130,ask,0.85,0.19
1779526507130,ask,0.86,2669.69
1779526507130,ask,0.87,6632.23
1779526507130,ask,0.88,8333.33
1779526507130,ask,0.89,818
1779526507130,ask,0.9,10600
1779526507130,ask,0.91,1999.99
1779526507130,ask,0.92,14125
1779526507130,ask,0.93,19471.42
1779526507130,ask,0.94,1966.22
1779526507130,ask,0.95,33350
1779526507130,ask,0.96,3720.71
1779526507130,ask,0.97,48222.81
1779526507130,ask,0.98,111487.5
1779526507130,ask,0.99,16262
1779526619470,bid,0.66,1151.38
1779526619470,bid,0.65,1680.87
1779526619470,bid,0.64,2605
1779526619470,bid,0.63,1237.26
1779526619470,bid,0.62,200
1779526619470,bid,0.6,200
1779526619470,bid,0.59,200
1779526619470,bid,0.58,200
1779526619470,bid,0.57,1897.67
1779526619470,bid,0.55,200
1779526619470,bid,0.4,1250
1779526619470,bid,0.38,446
1779526619470,bid,0.37,793.65
1779526619470,bid,0.36,781.25
1779526619470,bid,0.35,769.23
1779526619470,bid,0.34,2886
1779526619470,bid,0.33,99.99
1779526619470,bid,0.32,500
1779526619470,bid,0.3,1400
1779526619470,bid,0.29,800
1779526619470,bid,0.28,3990.14
1779526619470,bid,0.26,500
1779526619470,bid,0.25,2160
1779526619470,bid,0.24,4166.66
1779526619470,bid,0.21,6661.9
1779526619470,bid,0.17,7870.58
1779526619470,bid,0.16,203.5
1779526619470,bid,0.15,2533
1779526619470,bid,0.14,10052.71
1779526619470,bid,0.11,6560
1779526619470,bid,0.1,16400
1779526619470,bid,0.08,604.66
1779526619470,bid,0.07,25368.65
1779526619470,bid,0.06,4300
1779526619470,bid,0.05,820
1779526619470,bid,0.04,10352.05
1779526619470,bid,0.03,67266.66
1779526619470,bid,0.02,8824
1779526619470,bid,0.01,4096
1779526619470,ask,0.67,72.16
1779526619470,ask,0.68,836.5
1779526619470,ask,0.69,2834.7
1779526619470,ask,0.7,2566.83
1779526619470,ask,0.71,1704.22
1779526619470,ask,0.72,2094.44
1779526619470,ask,0.73,1200
1779526619470,ask,0.74,153
1779526619470,ask,0.75,4386.58
1779526619470,ask,0.76,5546.41
1779526619470,ask,0.78,505
1779526619470,ask,0.79,200
1779526619470,ask,0.83,2000
1779526619470,ask,0.84,200.1
1779526619470,ask,0.85,0.19
1779526619470,ask,0.86,515.8
1779526619470,ask,0.87,6632.23
1779526619470,ask,0.88,8333.33
1779526619470,ask,0.89,818
1779526619470,ask,0.9,10600
1779526619470,ask,0.91,1999.99
1779526619470,ask,0.92,14125
1779526619470,ask,0.93,19471.42
1779526619470,ask,0.94,1966.22
1779526619470,ask,0.95,33350
1779526619470,ask,0.96,3720.71
1779526619470,ask,0.97,48222.81
1779526619470,ask,0.98,111487.5
1779526619470,ask,0.99,16262
1779526717001,bid,0.66,1151.38
1779526717001,bid,0.65,1680.87
1779526717001,bid,0.64,2605
1779526717001,bid,0.63,1237.26
1779526717001,bid,0.62,200
1779526717001,bid,0.61,65
1779526717001,bid,0.6,200
1779526717001,bid,0.59,200
1779526717001,bid,0.58,200
1779526717001,bid,0.57,1897.67
1779526717001,bid,0.55,200
1779526717001,bid,0.4,1250
1779526717001,bid,0.38,394
1779526717001,bid,0.37,793.65
1779526717001,bid,0.36,781.25
1779526717001,bid,0.35,769.23
1779526717001,bid,0.34,2886
1779526717001,bid,0.33,99.99
1779526717001,bid,0.32,500
1779526717001,bid,0.29,800
1779526717001,bid,0.28,3990.14
1779526717001,bid,0.26,500
1779526717001,bid,0.25,2160
1779526717001,bid,0.24,4166.66
1779526717001,bid,0.21,6661.9
1779526717001,bid,0.17,7870.58
1779526717001,bid,0.16,203.5
1779526717001,bid,0.14,10052.71
1779526717001,bid,0.11,6560
1779526717001,bid,0.1,16400
1779526717001,bid,0.08,604.66
1779526717001,bid,0.07,25368.65
1779526717001,bid,0.05,8320
1779526717001,bid,0.04,6152.05
1779526717001,bid,0.03,67266.66
1779526717001,bid,0.02,8824
1779526717001,bid,0.01,4096
1779526717001,ask,0.67,72.16
1779526717001,ask,0.68,836.5
1779526717001,ask,0.69,2834.7
1779526717001,ask,0.7,2566.83
1779526717001,ask,0.71,1704.22
1779526717001,ask,0.72,2094.44
1779526717001,ask,0.73,1200
1779526717001,ask,0.74,153
1779526717001,ask,0.75,4386.58
1779526717001,ask,0.76,5546.41
1779526717001,ask,0.78,505
1779526717001,ask,0.79,200
1779526717001,ask,0.83,2000
1779526717001,ask,0.84,200.1
1779526717001,ask,0.85,0.19
1779526717001,ask,0.86,1086.8
1779526717001,ask,0.87,6632.23
1779526717001,ask,0.88,8333.33
1779526717001,ask,0.9,10600
1779526717001,ask,0.91,1999.99
1779526717001,ask,0.92,14125
1779526717001,ask,0.93,19471.42
1779526717001,ask,0.94,1966.22
1779526717001,ask,0.95,33350
1779526717001,ask,0.96,3720.71
1779526717001,ask,0.97,62222.81
1779526717001,ask,0.98,111487.5
1779526717001,ask,0.99,16262
1779527058074,bid,0.66,1151.38
1779527058074,bid,0.65,1400.1
1779527058074,bid,0.64,2605
1779527058074,bid,0.63,1237.26
1779527058074,bid,0.62,200
1779527058074,bid,0.61,65
1779527058074,bid,0.6,200
1779527058074,bid,0.59,200
1779527058074,bid,0.58,200
1779527058074,bid,0.57,1897.67
1779527058074,bid,0.55,200
1779527058074,bid,0.4,1250
1779527058074,bid,0.38,394
1779527058074,bid,0.37,793.65
1779527058074,bid,0.36,781.25
1779527058074,bid,0.35,769.23
1779527058074,bid,0.34,2886
1779527058074,bid,0.33,99.99
1779527058074,bid,0.32,500
1779527058074,bid,0.29,800
1779527058074,bid,0.28,3990.14
1779527058074,bid,0.26,500
1779527058074,bid,0.25,2160
1779527058074,bid,0.24,4166.66
1779527058074,bid,0.21,6661.9
1779527058074,bid,0.17,7870.58
1779527058074,bid,0.16,203.5
1779527058074,bid,0.15,2533
1779527058074,bid,0.14,10052.71
1779527058074,bid,0.11,6560
1779527058074,bid,0.1,16400
1779527058074,bid,0.08,604.66
1779527058074,bid,0.07,25368.65
1779527058074,bid,0.06,1200
1779527058074,bid,0.05,820
1779527058074,bid,0.04,11152.05
1779527058074,bid,0.03,67266.66
1779527058074,bid,0.02,8824
1779527058074,bid,0.01,4096
1779527058074,ask,0.67,64.16
1779527058074,ask,0.68,836.5
1779527058074,ask,0.69,2502.4
1779527058074,ask,0.7,2566.83
1779527058074,ask,0.71,1704.22
1779527058074,ask,0.72,2094.44
1779527058074,ask,0.73,1200
1779527058074,ask,0.74,153
1779527058074,ask,0.75,4386.58
1779527058074,ask,0.76,5546.41
1779527058074,ask,0.78,505
1779527058074,ask,0.79,200
1779527058074,ask,0.83,2000
1779527058074,ask,0.84,200.1
1779527058074,ask,0.85,999.19
1779527058074,ask,0.86,16.8
1779527058074,ask,0.87,6632.23
1779527058074,ask,0.88,8333.33
1779527058074,ask,0.9,10600
1779527058074,ask,0.91,1999.99
1779527058074,ask,0.92,14125
1779527058074,ask,0.93,19471.42
1779527058074,ask,0.94,1966.22
1779527058074,ask,0.95,33350
1779527058074,ask,0.96,3720.71
1779527058074,ask,0.97,62222.81
1779527058074,ask,0.98,111487.5
1779527058074,ask,0.99,16262
1779527159686,bid,0.66,1181.38
1779527159686,bid,0.65,1400.1
1779527159686,bid,0.64,2605
1779527159686,bid,0.63,1237.26
1779527159686,bid,0.62,200
1779527159686,bid,0.6,200
1779527159686,bid,0.59,200
1779527159686,bid,0.58,200
1779527159686,bid,0.57,1897.67
1779527159686,bid,0.55,200
1779527159686,bid,0.4,1250
1779527159686,bid,0.37,793.65
1779527159686,bid,0.36,781.25
1779527159686,bid,0.35,769.23
1779527159686,bid,0.34,2886
1779527159686,bid,0.33,99.99
1779527159686,bid,0.32,500
1779527159686,bid,0.3,1400
1779527159686,bid,0.29,800
1779527159686,bid,0.28,3990.14
1779527159686,bid,0.26,500
1779527159686,bid,0.25,400
1779527159686,bid,0.24,4166.66
