snapshot_ts_ms,side,price,size
1779519273680,bid,0.57,77.98
1779519273680,bid,0.56,277.26
1779519273680,bid,0.54,18.66
1779519273680,bid,0.52,1719.15
1779519273680,bid,0.5,1200
1779519273680,bid,0.47,200
1779519273680,bid,0.46,86
1779519273680,bid,0.45,680
1779519273680,bid,0.44,1535.71
1779519273680,bid,0.43,1735.23
1779519273680,bid,0.42,4133.06
1779519273680,bid,0.41,400
1779519273680,bid,0.39,2000
1779519273680,bid,0.38,6812.9
1779519273680,bid,0.36,1762.5
1779519273680,bid,0.33,50
1779519273680,bid,0.3,200
1779519273680,bid,0.27,629
1779519273680,bid,0.26,2555
1779519273680,bid,0.25,400
1779519273680,bid,0.23,3878.26
1779519273680,bid,0.21,400
1779519273680,bid,0.2,7500
1779519273680,bid,0.19,200
1779519273680,bid,0.18,200
1779519273680,bid,0.17,5882.35
1779519273680,bid,0.16,6967
1779519273680,bid,0.14,8524.14
1779519273680,bid,0.13,1730.76
1779519273680,bid,0.12,3666
1779519273680,bid,0.11,13685.18
1779519273680,bid,0.1,50
1779519273680,bid,0.09,19255.55
1779519273680,bid,0.08,378.22
1779519273680,bid,0.07,6211.6
1779519273680,bid,0.06,27633.33
1779519273680,bid,0.04,10556
1779519273680,bid,0.03,79932.66
1779519273680,bid,0.02,8824
1779519273680,bid,0.01,4596.98
1779519273680,ask,0.56,33
1779519273680,ask,0.58,5.7
1779519273680,ask,0.59,19.26
1779519273680,ask,0.6,307.21
1779519273680,ask,0.61,1331.35
1779519273680,ask,0.62,1875.14
1779519273680,ask,0.64,2695
1779519273680,ask,0.65,328.83
1779519273680,ask,0.66,277.57
1779519273680,ask,0.67,200
1779519273680,ask,0.69,225
1779519273680,ask,0.7,876.97
1779519273680,ask,0.73,911.52
1779519273680,ask,0.74,269
1779519273680,ask,0.75,2200
1779519273680,ask,0.76,1199.99
1779519273680,ask,0.77,200
1779519273680,ask,0.79,2585.82
1779519273680,ask,0.8,4983.43
1779519273680,ask,0.81,5321.52
1779519273680,ask,0.82,2200
1779519273680,ask,0.84,6250
1779519273680,ask,0.85,3890.71
1779519273680,ask,0.86,9809.85
1779519273680,ask,0.87,7692.3
1779519273680,ask,0.88,9833.66
1779519273680,ask,0.89,347.72
1779519273680,ask,0.9,3051.27
1779519273680,ask,0.91,14451.68
1779519273680,ask,0.92,6183.87
1779519273680,ask,0.93,24100
1779519273680,ask,0.94,631.97
1779519273680,ask,0.95,34750
1779519273680,ask,0.96,35987.5
1779519273680,ask,0.97,12951.27
1779519273680,ask,0.98,110661.88
1779519273680,ask,0.99,57545.74
1779519398775,bid,0.57,77.98
1779519398775,bid,0.55,31.66
1779519398775,bid,0.54,158.36
1779519398775,bid,0.53,230
1779519398775,bid,0.52,1719.15
1779519398775,bid,0.51,480
1779519398775,bid,0.5,1600
1779519398775,bid,0.47,200
1779519398775,bid,0.46,86
1779519398775,bid,0.45,680
1779519398775,bid,0.44,1535.71
1779519398775,bid,0.43,1735.23
1779519398775,bid,0.42,3271
1779519398775,bid,0.41,400
1779519398775,bid,0.39,2000
1779519398775,bid,0.38,6812.9
1779519398775,bid,0.36,1762.5
1779519398775,bid,0.33,50
1779519398775,bid,0.3,200
1779519398775,bid,0.27,296
1779519398775,bid,0.26,2555
1779519398775,bid,0.25,400
1779519398775,bid,0.23,1826
1779519398775,bid,0.22,4036.36
1779519398775,bid,0.21,200
1779519398775,bid,0.2,7500
1779519398775,bid,0.19,5263.15
1779519398775,bid,0.18,200
1779519398775,bid,0.17,5882.35
1779519398775,bid,0.16,6967
1779519398775,bid,0.15,2933
1779519398775,bid,0.14,8524.14
1779519398775,bid,0.13,1730.76
1779519398775,bid,0.12,3666
1779519398775,bid,0.11,13685.18
1779519398775,bid,0.1,50
1779519398775,bid,0.09,19255.55
1779519398775,bid,0.08,17878.22
1779519398775,bid,0.06,4300
1779519398775,bid,0.05,28000
1779519398775,bid,0.04,16287.6
1779519398775,bid,0.03,67266.66
1779519398775,bid,0.02,8824
1779519398775,bid,0.01,4596.98
1779519398775,ask,0.55,18.91
1779519398775,ask,0.56,23.7
1779519398775,ask,0.57,15
1779519398775,ask,0.58,5.7
1779519398775,ask,0.59,49.26
1779519398775,ask,0.6,424.98
1779519398775,ask,0.61,1154.42
1779519398775,ask,0.62,1875.14
1779519398775,ask,0.63,13
1779519398775,ask,0.64,2695
1779519398775,ask,0.65,1098.06
1779519398775,ask,0.66,277.57
1779519398775,ask,0.67,200
1779519398775,ask,0.69,225
1779519398775,ask,0.7,876.97
1779519398775,ask,0.73,711.52
1779519398775,ask,0.74,265
1779519398775,ask,0.75,2200
1779519398775,ask,0.76,1199.99
1779519398775,ask,0.77,200
1779519398775,ask,0.78,409
1779519398775,ask,0.79,2585.82
1779519398775,ask,0.8,4983.43
1779519398775,ask,0.81,3768.77
1779519398775,ask,0.82,6644.44
1779519398775,ask,0.84,6250
1779519398775,ask,0.85,7471.66
1779519398775,ask,0.86,9809.85
1779519398775,ask,0.87,7692.3
1779519398775,ask,0.88,9833.66
1779519398775,ask,0.89,347.72
1779519398775,ask,0.9,3031.27
1779519398775,ask,0.91,14451.68
1779519398775,ask,0.92,3187.34
1779519398775,ask,0.93,24100
1779519398775,ask,0.94,3493.66
1779519398775,ask,0.95,34750
1779519398775,ask,0.96,987.5
1779519398775,ask,0.97,12951.27
1779519398775,ask,0.98,110661.88
1779519398775,ask,0.99,57545.74
1779519516495,bid,0.57,354.45
1779519516495,bid,0.55,31.66
1779519516495,bid,0.54,163.36
1779519516495,bid,0.53,230
1779519516495,bid,0.52,1719.15
1779519516495,bid,0.51,480
1779519516495,bid,0.5,1600
1779519516495,bid,0.47,200
1779519516495,bid,0.46,86
1779519516495,bid,0.45,88
1779519516495,bid,0.44,1535.71
1779519516495,bid,0.43,1308.4
1779519516495,bid,0.42,4133.06
1779519516495,bid,0.41,400
1779519516495,bid,0.39,2000
1779519516495,bid,0.38,6612.9
1779519516495,bid,0.36,1762.5
1779519516495,bid,0.33,50
1779519516495,bid,0.31,286
1779519516495,bid,0.3,200
1779519516495,bid,0.27,296
1779519516495,bid,0.26,3906.35
1779519516495,bid,0.25,400
1779519516495,bid,0.24,1750
1779519516495,bid,0.23,3878.26
1779519516495,bid,0.21,200
1779519516495,bid,0.2,6000
1779519516495,bid,0.19,5263.15
1779519516495,bid,0.17,7382.35
1779519516495,bid,0.16,6967
1779519516495,bid,0.15,2933
1779519516495,bid,0.14,8524.14
1779519516495,bid,0.13,1030.76
1779519516495,bid,0.12,12700.33
1779519516495,bid,0.11,1967
1779519516495,bid,0.1,4450
1779519516495,bid,0.09,18655.55
1779519516495,bid,0.08,378.22
1779519516495,bid,0.07,6211.6
1779519516495,bid,0.06,28233.33
1779519516495,bid,0.05,800
1779519516495,bid,0.04,10556
1779519516495,bid,0.03,67266.66
1779519516495,bid,0.02,8824
1779519516495,bid,0.01,4596.98
1779519516495,ask,0.55,10.91
1779519516495,ask,0.56,23.7
1779519516495,ask,0.58,25.7
1779519516495,ask,0.59,60.51
1779519516495,ask,0.6,413.45
1779519516495,ask,0.61,1106.44
1779519516495,ask,0.62,1875.14
1779519516495,ask,0.63,1599.19
1779519516495,ask,0.64,3476.25
1779519516495,ask,0.65,1098.06
1779519516495,ask,0.66,277.57
1779519516495,ask,0.67,200
1779519516495,ask,0.69,225
1779519516495,ask,0.7,876.97
1779519516495,ask,0.73,693.99
1779519516495,ask,0.74,675.67
1779519516495,ask,0.75,2200
1779519516495,ask,0.76,1199.99
1779519516495,ask,0.77,200
1779519516495,ask,0.78,409
1779519516495,ask,0.79,2585.82
1779519516495,ask,0.8,2361
1779519516495,ask,0.81,3768.77
1779519516495,ask,0.82,6644.44
1779519516495,ask,0.84,3255.46
1779519516495,ask,0.85,8138.66
1779519516495,ask,0.86,2667
1779519516495,ask,0.87,7692.3
1779519516495,ask,0.89,10742
1779519516495,ask,0.9,4611.27
1779519516495,ask,0.91,14451.68
1779519516495,ask,0.92,1092.48
1779519516495,ask,0.93,24100
1779519516495,ask,0.94,3493.66
1779519516495,ask,0.95,750
1779519516495,ask,0.96,42387.5
1779519516495,ask,0.97,2255
1779519516495,ask,0.98,110661.88
1779519516495,ask,0.99,57545.74
1779519868853,bid,0.57,49.3
1779519868853,bid,0.56,30
1779519868853,bid,0.54,2118.73
1779519868853,bid,0.53,200
1779519868853,bid,0.52,719.15
1779519868853,bid,0.51,888.16
1779519868853,bid,0.5,1600
1779519868853,bid,0.45,88
1779519868853,bid,0.44,1535.71
1779519868853,bid,0.43,1308.4
1779519868853,bid,0.42,4133.06
1779519868853,bid,0.41,400
1779519868853,bid,0.4,200
1779519868853,bid,0.39,2000
1779519868853,bid,0.38,5373.16
1779519868853,bid,0.36,200
1779519868853,bid,0.33,50
1779519868853,bid,0.27,1466
1779519868853,bid,0.26,2555
1779519868853,bid,0.25,400
1779519868853,bid,0.23,3878.26
1779519868853,bid,0.21,200
1779519868853,bid,0.2,7500
1779519868853,bid,0.17,5882.35
1779519868853,bid,0.16,92
1779519868853,bid,0.14,8738.42
1779519868853,bid,0.13,800
1779519868853,bid,0.12,12700.33
1779519868853,bid,0.1,50
1779519868853,bid,0.09,19255.55
1779519868853,bid,0.08,378.22
1779519868853,bid,0.07,6211.6
1779519868853,bid,0.06,27633.33
1779519868853,bid,0.04,10556
1779519868853,bid,0.03,67266.66
1779519868853,bid,0.02,8824
1779519868853,bid,0.01,4596.98
1779519868853,ask,0.59,262.19
1779519868853,ask,0.6,303.68
1779519868853,ask,0.61,1024.48
1779519868853,ask,0.62,1875.14
1779519868853,ask,0.63,1567.19
1779519868853,ask,0.64,3476.25
1779519868853,ask,0.65,328.83
1779519868853,ask,0.66,277.57
1779519868853,ask,0.67,10
1779519868853,ask,0.73,249.99
1779519868853,ask,0.74,422
1779519868853,ask,0.75,2210
1779519868853,ask,0.76,999.99
1779519868853,ask,0.77,1498.7
1779519868853,ask,0.79,2202.74
1779519868853,ask,0.8,2371
1779519868853,ask,0.81,3768.77
1779519868853,ask,0.82,6644.44
1779519868853,ask,0.83,529
1779519868853,ask,0.84,3255.46
1779519868853,ask,0.85,8138.66
1779519868853,ask,0.86,2000
1779519868853,ask,0.87,7692.3
1779519868853,ask,0.89,10742
1779519868853,ask,0.9,4611.27
1779519868853,ask,0.91,14451.68
1779519868853,ask,0.92,1092.48
1779519868853,ask,0.93,24100
1779519868853,ask,0.94,505
1779519868853,ask,0.95,750
1779519868853,ask,0.96,42387.5
1779519868853,ask,0.97,2255
1779519868853,ask,0.98,110771.65
1779519868853,ask,0.99,101545.74
1779519987909,bid,0.58,15
1779519987909,bid,0.57,45
1779519987909,bid,0.54,2118.73
1779519987909,bid,0.53,200
1779519987909,bid,0.52,719.15
1779519987909,bid,0.51,888.16
1779519987909,bid,0.5,1600
1779519987909,bid,0.45,545.45
1779519987909,bid,0.44,1535.71
1779519987909,bid,0.43,1308.4
1779519987909,bid,0.42,4133.06
1779519987909,bid,0.41,400
1779519987909,bid,0.4,200
1779519987909,bid,0.39,2000
1779519987909,bid,0.38,5373.16
1779519987909,bid,0.36,200
1779519987909,bid,0.33,50
1779519987909,bid,0.26,2555
1779519987909,bid,0.25,400
1779519987909,bid,0.23,3878.26
1779519987909,bid,0.21,1000
1779519987909,bid,0.2,7500
1779519987909,bid,0.17,5882.35
1779519987909,bid,0.16,92
1779519987909,bid,0.15,2933
1779519987909,bid,0.14,8738.42
1779519987909,bid,0.12,12700.33
1779519987909,bid,0.1,50
1779519987909,bid,0.09,19255.55
1779519987909,bid,0.08,378.22
1779519987909,bid,0.07,6211.6
1779519987909,bid,0.06,27633.33
1779519987909,bid,0.04,10556
1779519987909,bid,0.03,67266.66
1779519987909,bid,0.02,8824
1779519987909,bid,0.01,4596.98
1779519987909,ask,0.59,254.26
1779519987909,ask,0.6,303.68
1779519987909,ask,0.61,1024.48
1779519987909,ask,0.62,1875.14
1779519987909,ask,0.63,1567.19
1779519987909,ask,0.64,3476.25
1779519987909,ask,0.65,328.83
1779519987909,ask,0.66,277.57
1779519987909,ask,0.67,10
1779519987909,ask,0.73,249.99
1779519987909,ask,0.74,422
1779519987909,ask,0.75,2210
1779519987909,ask,0.76,999.99
1779519987909,ask,0.77,1498.7
1779519987909,ask,0.79,2202.74
1779519987909,ask,0.8,2371
1779519987909,ask,0.81,3768.77
1779519987909,ask,0.82,6644.44
1779519987909,ask,0.84,562
1779519987909,ask,0.85,7338.66
1779519987909,ask,0.86,2000
1779519987909,ask,0.87,7692.3
1779519987909,ask,0.88,800
1779519987909,ask,0.89,10742
1779519987909,ask,0.9,4611.27
1779519987909,ask,0.91,14451.68
1779519987909,ask,0.92,1092.48
1779519987909,ask,0.93,24100
1779519987909,ask,0.94,505
1779519987909,ask,0.95,750
1779519987909,ask,0.96,42387.5
1779519987909,ask,0.97,2255
1779519987909,ask,0.98,110771.65
1779519987909,ask,0.99,101545.74
1779520104081,bid,0.58,15
1779520104081,bid,0.57,30
1779520104081,bid,0.56,15
1779520104081,bid,0.54,2118.73
1779520104081,bid,0.53,200
1779520104081,bid,0.52,719.15
1779520104081,bid,0.51,888.16
1779520104081,bid,0.5,1600
1779520104081,bid,0.46,238
1779520104081,bid,0.45,545.45
1779520104081,bid,0.44,1535.71
1779520104081,bid,0.43,1308.4
1779520104081,bid,0.42,4133.06
1779520104081,bid,0.41,400
1779520104081,bid,0.4,200
1779520104081,bid,0.39,2000
1779520104081,bid,0.38,5373.16
1779520104081,bid,0.36,200
1779520104081,bid,0.33,50
1779520104081,bid,0.26,2555
1779520104081,bid,0.25,400
1779520104081,bid,0.23,3878.26
1779520104081,bid,0.21,1000
1779520104081,bid,0.2,7500
1779520104081,bid,0.18,2444
1779520104081,bid,0.17,5882.35
1779520104081,bid,0.16,92
1779520104081,bid,0.15,2933
1779520104081,bid,0.14,8738.42
1779520104081,bid,0.12,12700.33
1779520104081,bid,0.1,50
1779520104081,bid,0.09,19255.55
1779520104081,bid,0.08,5128.22
1779520104081,bid,0.07,6211.6
1779520104081,bid,0.06,27633.33
1779520104081,bid,0.04,10556
1779520104081,bid,0.03,67266.66
1779520104081,bid,0.02,8824
1779520104081,bid,0.01,4596.98
1779520104081,ask,0.58,527.89
1779520104081,ask,0.59,1049.26
1779520104081,ask,0.6,270
1779520104081,ask,0.61,1037.48
1779520104081,ask,0.62,1875.14
1779520104081,ask,0.63,1554.19
1779520104081,ask,0.64,2695
1779520104081,ask,0.65,328.83
1779520104081,ask,0.66,277.57
1779520104081,ask,0.67,10
1779520104081,ask,0.73,249.99
1779520104081,ask,0.74,153
1779520104081,ask,0.75,2210
1779520104081,ask,0.76,1781.24
1779520104081,ask,0.77,1498.7
1779520104081,ask,0.79,2202.74
1779520104081,ask,0.8,2371
1779520104081,ask,0.81,3768.77
1779520104081,ask,0.82,6644.44
1779520104081,ask,0.85,7338.66
1779520104081,ask,0.86,2000
1779520104081,ask,0.87,7692.3
1779520104081,ask,0.88,800
1779520104081,ask,0.89,11642
1779520104081,ask,0.9,4611.27
1779520104081,ask,0.91,14451.68
1779520104081,ask,0.92,1092.48
1779520104081,ask,0.93,24100
1779520104081,ask,0.94,505
1779520104081,ask,0.95,750
1779520104081,ask,0.96,42387.5
1779520104081,ask,0.97,2255
1779520104081,ask,0.98,132661.88
1779520104081,ask,0.99,57545.74
1779520226001,bid,0.58,15
1779520226001,bid,0.57,30
1779520226001,bid,0.56,15
1779520226001,bid,0.54,2336.12
1779520226001,bid,0.53,200
1779520226001,bid,0.52,719.15
1779520226001,bid,0.51,888.16
1779520226001,bid,0.5,1600
1779520226001,bid,0.46,152
1779520226001,bid,0.45,545.45
1779520226001,bid,0.44,1535.71
1779520226001,bid,0.43,1308.4
1779520226001,bid,0.42,4133.06
1779520226001,bid,0.41,400
1779520226001,bid,0.39,2000
1779520226001,bid,0.38,5373.16
1779520226001,bid,0.36,200
1779520226001,bid,0.33,50
1779520226001,bid,0.27,333
1779520226001,bid,0.26,2555
1779520226001,bid,0.25,400
1779520226001,bid,0.23,3878.26
1779520226001,bid,0.21,1000
1779520226001,bid,0.2,7500
1779520226001,bid,0.18,2444
1779520226001,bid,0.17,5882.35
1779520226001,bid,0.16,92
1779520226001,bid,0.15,2933
1779520226001,bid,0.14,8738.42
1779520226001,bid,0.12,12700.33
1779520226001,bid,0.1,50
1779520226001,bid,0.09,19255.55
1779520226001,bid,0.08,5128.22
1779520226001,bid,0.07,6211.6
1779520226001,bid,0.06,27633.33
1779520226001,bid,0.04,10556
1779520226001,bid,0.03,67266.66
1779520226001,bid,0.02,8824
1779520226001,bid,0.01,4596.98
1779520226001,ask,0.58,527.89
1779520226001,ask,0.59,1049.26
1779520226001,ask,0.6,270
1779520226001,ask,0.61,1037.48
1779520226001,ask,0.62,1875.14
1779520226001,ask,0.63,1554.19
1779520226001,ask,0.64,2695
1779520226001,ask,0.65,328.83
1779520226001,ask,0.66,277.57
1779520226001,ask,0.67,10
1779520226001,ask,0.73,249.99
1779520226001,ask,0.75,2210
1779520226001,ask,0.76,1781.24
1779520226001,ask,0.77,1498.7
1779520226001,ask,0.79,2202.74
1779520226001,ask,0.8,2371
1779520226001,ask,0.81,3768.77
1779520226001,ask,0.82,6644.44
1779520226001,ask,0.85,7338.66
1779520226001,ask,0.86,2000
1779520226001,ask,0.87,7692.3
1779520226001,ask,0.88,800
1779520226001,ask,0.89,11942
1779520226001,ask,0.9,4611.27
1779520226001,ask,0.91,14451.68
1779520226001,ask,0.92,1092.48
1779520226001,ask,0.93,24100
1779520226001,ask,0.94,505
1779520226001,ask,0.95,750
1779520226001,ask,0.96,42387.5
1779520226001,ask,0.97,2255
1779520226001,ask,0.98,132661.88
1779520226001,ask,0.99,57545.74
1779520601731,bid,0.57,115
1779520601731,bid,0.55,1680
1779520601731,bid,0.54,2318.73
1779520601731,bid,0.53,200
1779520601731,bid,0.52,719.15
1779520601731,bid,0.51,408.16
1779520601731,bid,0.5,1600
1779520601731,bid,0.48,200
1779520601731,bid,0.46,438
1779520601731,bid,0.45,745.45
1779520601731,bid,0.44,1200
1779520601731,bid,0.43,2385.59
1779520601731,bid,0.42,4133.06
1779520601731,bid,0.41,400
1779520601731,bid,0.4,200
1779520601731,bid,0.39,2000
1779520601731,bid,0.38,5373.16
1779520601731,bid,0.36,200
1779520601731,bid,0.33,50
1779520601731,bid,0.28,321
1779520601731,bid,0.27,1555
1779520601731,bid,0.26,2555
1779520601731,bid,0.25,400
1779520601731,bid,0.23,3878.26
1779520601731,bid,0.21,1000
1779520601731,bid,0.2,7500
1779520601731,bid,0.17,5882.35
1779520601731,bid,0.16,92
1779520601731,bid,0.15,2933
1779520601731,bid,0.14,8738.42
1779520601731,bid,0.12,12700.33
1779520601731,bid,0.1,50
1779520601731,bid,0.09,19255.55
1779520601731,bid,0.08,378.22
1779520601731,bid,0.07,6211.6
1779520601731,bid,0.06,27633.33
1779520601731,bid,0.04,10556
1779520601731,bid,0.03,67266.66
1779520601731,bid,0.02,8824
1779520601731,bid,0.01,4596.98
1779520601731,ask,0.58,6.3
1779520601731,ask,0.59,254.15
1779520601731,ask,0.6,579.77
1779520601731,ask,0.61,1037.48
1779520601731,ask,0.62,1875.14
1779520601731,ask,0.63,1554.19
1779520601731,ask,0.64,2695
1779520601731,ask,0.65,328.83
1779520601731,ask,0.66,277.57
1779520601731,ask,0.67,210
1779520601731,ask,0.7,200
1779520601731,ask,0.73,449.99
1779520601731,ask,0.74,929
1779520601731,ask,0.75,2210
1779520601731,ask,0.76,1981.24
1779520601731,ask,0.77,1498.7
1779520601731,ask,0.78,409
1779520601731,ask,0.79,2202.74
1779520601731,ask,0.8,2371
1779520601731,ask,0.81,3768.77
1779520601731,ask,0.82,6644.44
1779520601731,ask,0.85,7338.66
1779520601731,ask,0.86,2000
1779520601731,ask,0.87,7692.3
1779520601731,ask,0.88,800
1779520601731,ask,0.89,11642
1779520601731,ask,0.9,411.27
1779520601731,ask,0.91,14451.68
1779520601731,ask,0.92,1092.48
1779520601731,ask,0.93,24100
1779520601731,ask,0.94,505
1779520601731,ask,0.95,750
1779520601731,ask,0.96,42387.5
1779520601731,ask,0.97,2255
1779520601731,ask,0.98,132661.88
1779520601731,ask,0.99,57545.74
1779520693556,bid,0.57,115
1779520693556,bid,0.56,130
1779520693556,bid,0.55,1880
1779520693556,bid,0.54,2118.73
1779520693556,bid,0.53,200
1779520693556,bid,0.52,719.15
1779520693556,bid,0.51,408.16
1779520693556,bid,0.5,1600
1779520693556,bid,0.48,200
1779520693556,bid,0.46,200
1779520693556,bid,0.45,443
1779520693556,bid,0.44,1200
1779520693556,bid,0.43,2385.59
1779520693556,bid,0.42,4133.06
1779520693556,bid,0.41,400
1779520693556,bid,0.4,200
1779520693556,bid,0.39,3639.34
1779520693556,bid,0.38,5373.16
1779520693556,bid,0.36,200
1779520693556,bid,0.33,50
1779520693556,bid,0.28,321
1779520693556,bid,0.27,1555
1779520693556,bid,0.26,2555
1779520693556,bid,0.25,400
1779520693556,bid,0.23,3878.26
1779520693556,bid,0.21,1000
1779520693556,bid,0.2,7500
1779520693556,bid,0.17,5882.35
1779520693556,bid,0.16,92
1779520693556,bid,0.14,8738.42
1779520693556,bid,0.12,12700.33
1779520693556,bid,0.1,50
1779520693556,bid,0.09,19255.55
1779520693556,bid,0.08,378.22
1779520693556,bid,0.07,6211.6
1779520693556,bid,0.06,27633.33
1779520693556,bid,0.04,10556
1779520693556,bid,0.03,67266.66
1779520693556,bid,0.02,8824
1779520693556,bid,0.01,4596.98
1779520693556,ask,0.58,6.3
1779520693556,ask,0.59,284.15
1779520693556,ask,0.6,379.77
1779520693556,ask,0.61,1037.48
1779520693556,ask,0.62,1875.14
1779520693556,ask,0.63,1554.19
1779520693556,ask,0.64,2695
1779520693556,ask,0.65,328.83
1779520693556,ask,0.66,277.57
1779520693556,ask,0.67,210
1779520693556,ask,0.7,200
1779520693556,ask,0.73,449.99
1779520693556,ask,0.74,929
1779520693556,ask,0.75,2210
1779520693556,ask,0.76,1981.24
1779520693556,ask,0.77,1498.7
1779520693556,ask,0.78,409
1779520693556,ask,0.79,2202.74
1779520693556,ask,0.8,2371
1779520693556,ask,0.81,3768.77
1779520693556,ask,0.82,6644.44
1779520693556,ask,0.85,7338.66
1779520693556,ask,0.86,2000
1779520693556,ask,0.87,7692.3
1779520693556,ask,0.88,800
1779520693556,ask,0.89,11642
1779520693556,ask,0.9,4551.27
1779520693556,ask,0.91,14451.68
1779520693556,ask,0.92,1092.48
1779520693556,ask,0.93,24100
1779520693556,ask,0.94,505
1779520693556,ask,0.95,750
1779520693556,ask,0.96,42387.5
1779520693556,ask,0.97,2255
1779520693556,ask,0.98,132661.88
1779520693556,ask,0.99,57545.74
1779520845419,bid,0.57,126.97
1779520845419,bid,0.56,130
1779520845419,bid,0.55,1880
1779520845419,bid,0.54,2118.73
1779520845419,bid,0.53,200
1779520845419,bid,0.52,719.15
1779520845419,bid,0.51,408.16
1779520845419,bid,0.5,1600
1779520845419,bid,0.48,200
1779520845419,bid,0.46,200
1779520845419,bid,0.45,200
1779520845419,bid,0.44,1200
1779520845419,bid,0.43,2385.59
1779520845419,bid,0.42,4133.06
1779520845419,bid,0.41,400
1779520845419,bid,0.4,200
1779520845419,bid,0.39,3639.34
1779520845419,bid,0.38,5373.16
1779520845419,bid,0.36,200
1779520845419,bid,0.33,50
1779520845419,bid,0.28,321
1779520845419,bid,0.27,1555
1779520845419,bid,0.26,2555
1779520845419,bid,0.25,400
1779520845419,bid,0.23,3878.26
1779520845419,bid,0.21,1000
1779520845419,bid,0.2,7500
1779520845419,bid,0.17,5882.35
1779520845419,bid,0.16,92
1779520845419,bid,0.14,8738.42
1779520845419,bid,0.12,12700.33
1779520845419,bid,0.1,50
1779520845419,bid,0.09,19255.55
1779520845419,bid,0.08,378.22
1779520845419,bid,0.07,6211.6
1779520845419,bid,0.06,27633.33
1779520845419,bid,0.04,10556
1779520845419,bid,0.03,67266.66
1779520845419,bid,0.02,8824
1779520845419,bid,0.01,4096
1779520845419,ask,0.58,6.3
1779520845419,ask,0.59,289.15
1779520845419,ask,0.6,379.77
1779520845419,ask,0.61,1037.48
1779520845419,ask,0.62,1875.14
1779520845419,ask,0.63,1554.19
1779520845419,ask,0.64,2695
1779520845419,ask,0.65,328.83
1779520845419,ask,0.66,277.57
1779520845419,ask,0.67,210
1779520845419,ask,0.7,200
1779520845419,ask,0.73,449.99
1779520845419,ask,0.74,507
1779520845419,ask,0.75,2210
1779520845419,ask,0.76,1981.24
1779520845419,ask,0.77,1498.7
1779520845419,ask,0.78,409
1779520845419,ask,0.79,2202.74
1779520845419,ask,0.8,2371
1779520845419,ask,0.81,3768.77
1779520845419,ask,0.82,6644.44
1779520845419,ask,0.85,7338.66
1779520845419,ask,0.86,2000
1779520845419,ask,0.87,7692.3
1779520845419,ask,0.88,800
1779520845419,ask,0.89,11642
1779520845419,ask,0.9,4551.27
1779520845419,ask,0.91,14451.68
1779520845419,ask,0.92,1092.48
1779520845419,ask,0.93,24100
1779520845419,ask,0.94,505
1779520845419,ask,0.95,750
1779520845419,ask,0.96,42387.5
1779520845419,ask,0.97,2255
1779520845419,ask,0.98,132661.88
1779520845419,ask,0.99,57545.74
1779520964047,bid,0.57,126.97
1779520964047,bid,0.56,130
1779520964047,bid,0.55,1880
1779520964047,bid,0.54,2118.73
1779520964047,bid,0.53,200
1779520964047,bid,0.52,719.15
1779520964047,bid,0.51,408.16
1779520964047,bid,0.5,1600
1779520964047,bid,0.48,200
1779520964047,bid,0.46,200
1779520964047,bid,0.45,443
1779520964047,bid,0.44,1200
1779520964047,bid,0.43,2385.59
1779520964047,bid,0.42,4133.06
1779520964047,bid,0.41,400
1779520964047,bid,0.39,3639.34
1779520964047,bid,0.38,5373.16
1779520964047,bid,0.36,200
1779520964047,bid,0.33,50
1779520964047,bid,0.26,2555
1779520964047,bid,0.25,400
1779520964047,bid,0.23,3878.26
1779520964047,bid,0.21,1000
1779520964047,bid,0.2,7500
1779520964047,bid,0.17,5882.35
1779520964047,bid,0.16,92
1779520964047,bid,0.15,2933
1779520964047,bid,0.14,8738.42
1779520964047,bid,0.12,12700.33
1779520964047,bid,0.1,450.98
1779520964047,bid,0.09,19255.55
1779520964047,bid,0.08,378.22
1779520964047,bid,0.07,6211.6
1779520964047,bid,0.06,27633.33
1779520964047,bid,0.04,10556
1779520964047,bid,0.03,67266.66
1779520964047,bid,0.02,8824
1779520964047,bid,0.01,4096
1779520964047,ask,0.58,86.02
1779520964047,ask,0.59,289.15
1779520964047,ask,0.6,379.77
1779520964047,ask,0.61,1037.48
1779520964047,ask,0.62,1875.14
1779520964047,ask,0.63,1554.19
1779520964047,ask,0.64,2695
1779520964047,ask,0.65,328.83
1779520964047,ask,0.66,277.57
1779520964047,ask,0.67,210
1779520964047,ask,0.7,200
1779520964047,ask,0.73,449.99
1779520964047,ask,0.74,622
1779520964047,ask,0.75,2210
1779520964047,ask,0.76,1981.24
1779520964047,ask,0.77,1498.7
1779520964047,ask,0.78,409
1779520964047,ask,0.79,2202.74
1779520964047,ask,0.8,2371
1779520964047,ask,0.81,3768.77
1779520964047,ask,0.82,6644.44
1779520964047,ask,0.85,7338.66
1779520964047,ask,0.86,2000
1779520964047,ask,0.87,7692.3
1779520964047,ask,0.88,800
1779520964047,ask,0.89,11942
1779520964047,ask,0.9,4581.27
1779520964047,ask,0.91,14451.68
1779520964047,ask,0.92,1092.48
1779520964047,ask,0.93,24100
1779520964047,ask,0.94,505
1779520964047,ask,0.95,750
1779520964047,ask,0.96,42387.5
1779520964047,ask,0.97,2255
1779520964047,ask,0.98,132661.88
1779520964047,ask,0.99,57545.74
1779521341003,bid,0.57,126.97
1779521341003,bid,0.56,130
1779521341003,bid,0.55,2080
1779521341003,bid,0.54,1318.74
1779521341003,bid,0.53,625.53
1779521341003,bid,0.52,719.15
1779521341003,bid,0.51,408.16
1779521341003,bid,0.5,1600
1779521341003,bid,0.48,200
1779521341003,bid,0.46,200
1779521341003,bid,0.45,288
1779521341003,bid,0.44,1200
1779521341003,bid,0.43,2385.59
1779521341003,bid,0.42,4133.06
1779521341003,bid,0.41,400
1779521341003,bid,0.39,2000
1779521341003,bid,0.38,5373.16
1779521341003,bid,0.36,200
1779521341003,bid,0.33,50
1779521341003,bid,0.28,321
1779521341003,bid,0.26,2555
1779521341003,bid,0.25,400
1779521341003,bid,0.23,3878.26
1779521341003,bid,0.21,1000
1779521341003,bid,0.2,7500
1779521341003,bid,0.17,5882.35
1779521341003,bid,0.16,92
1779521341003,bid,0.15,2933
1779521341003,bid,0.14,8738.42
1779521341003,bid,0.12,12700.33
1779521341003,bid,0.1,450.98
1779521341003,bid,0.09,19255.55
1779521341003,bid,0.08,378.22
1779521341003,bid,0.07,6211.6
1779521341003,bid,0.06,27633.33
1779521341003,bid,0.04,10556
1779521341003,bid,0.03,67266.66
1779521341003,bid,0.02,8824
1779521341003,bid,0.01,4096
1779521341003,ask,0.58,64.32
1779521341003,ask,0.59,289.15
1779521341003,ask,0.6,379.77
1779521341003,ask,0.61,969.31
1779521341003,ask,0.62,1875.14
1779521341003,ask,0.63,1554.19
1779521341003,ask,0.64,2695
1779521341003,ask,0.65,328.83
1779521341003,ask,0.66,277.57
1779521341003,ask,0.67,210
1779521341003,ask,0.7,200
1779521341003,ask,0.73,449.99
1779521341003,ask,0.74,929
1779521341003,ask,0.75,2210
1779521341003,ask,0.76,1981.24
1779521341003,ask,0.77,1498.7
1779521341003,ask,0.78,409
1779521341003,ask,0.79,2202.74
1779521341003,ask,0.8,2371
1779521341003,ask,0.81,3768.77
1779521341003,ask,0.82,6644.44
1779521341003,ask,0.85,7338.66
1779521341003,ask,0.86,2000
1779521341003,ask,0.87,7692.3
1779521341003,ask,0.88,800
1779521341003,ask,0.89,11942
1779521341003,ask,0.9,4571.27
1779521341003,ask,0.91,14451.68
1779521341003,ask,0.92,1092.48
1779521341003,ask,0.93,24100
1779521341003,ask,0.94,505
1779521341003,ask,0.95,750
1779521341003,ask,0.96,42387.5
1779521341003,ask,0.97,2255
1779521341003,ask,0.98,110661.88
1779521341003,ask,0.99,57545.74
1779521423000,bid,0.57,126.97
1779521423000,bid,0.56,130
1779521423000,bid,0.55,2080
1779521423000,bid,0.54,1318.74
1779521423000,bid,0.53,625.53
1779521423000,bid,0.52,719.15
1779521423000,bid,0.51,408.16
1779521423000,bid,0.5,1600
1779521423000,bid,0.48,200
1779521423000,bid,0.46,200
1779521423000,bid,0.45,355
1779521423000,bid,0.44,1200
1779521423000,bid,0.43,2385.59
1779521423000,bid,0.42,4133.06
1779521423000,bid,0.41,400
1779521423000,bid,0.39,2000
1779521423000,bid,0.38,5373.16
1779521423000,bid,0.36,200
1779521423000,bid,0.33,50
1779521423000,bid,0.28,321
1779521423000,bid,0.26,2555
1779521423000,bid,0.25,400
1779521423000,bid,0.23,3878.26
1779521423000,bid,0.21,1000
1779521423000,bid,0.2,7500
1779521423000,bid,0.17,5882.35
1779521423000,bid,0.16,92
1779521423000,bid,0.15,2933
1779521423000,bid,0.14,8738.42
1779521423000,bid,0.12,12700.33
1779521423000,bid,0.1,450.98
1779521423000,bid,0.09,19255.55
1779521423000,bid,0.08,378.22
1779521423000,bid,0.07,6211.6
1779521423000,bid,0.06,27633.33
1779521423000,bid,0.04,10556
1779521423000,bid,0.03,67266.66
1779521423000,bid,0.02,8824
1779521423000,bid,0.01,4096
1779521423000,ask,0.58,64.32
1779521423000,ask,0.59,289.15
1779521423000,ask,0.6,379.77
1779521423000,ask,0.61,969.31
1779521423000,ask,0.62,1875.14
1779521423000,ask,0.63,1554.19
1779521423000,ask,0.64,2695
1779521423000,ask,0.65,328.83
1779521423000,ask,0.66,277.57
1779521423000,ask,0.67,210
1779521423000,ask,0.7,200
1779521423000,ask,0.73,449.99
1779521423000,ask,0.74,776
1779521423000,ask,0.75,2210
1779521423000,ask,0.76,1981.24
1779521423000,ask,0.77,1498.7
1779521423000,ask,0.78,409
1779521423000,ask,0.79,2202.74
1779521423000,ask,0.8,2371
1779521423000,ask,0.81,3768.77
1779521423000,ask,0.82,6644.44
1779521423000,ask,0.85,7338.66
1779521423000,ask,0.86,2000
1779521423000,ask,0.87,7692.3
1779521423000,ask,0.88,800
1779521423000,ask,0.89,11942
1779521423000,ask,0.9,4561.27
1779521423000,ask,0.91,14451.68
1779521423000,ask,0.92,1092.48
1779521423000,ask,0.93,24100
1779521423000,ask,0.94,505
1779521423000,ask,0.95,750
1779521423000,ask,0.96,42387.5
1779521423000,ask,0.97,2255
1779521423000,ask,0.98,132661.88
1779521423000,ask,0.99,57545.74
1779521568707,bid,0.58,209
1779521568707,bid,0.57,126.97
1779521568707,bid,0.56,730
1779521568707,bid,0.55,1880
1779521568707,bid,0.54,1318.74
1779521568707,bid,0.53,625.53
1779521568707,bid,0.52,719.15
1779521568707,bid,0.51,408.16
1779521568707,bid,0.5,1600
1779521568707,bid,0.48,200
1779521568707,bid,0.46,200
1779521568707,bid,0.45,443
1779521568707,bid,0.44,1200
1779521568707,bid,0.43,2385.59
1779521568707,bid,0.42,4133.06
1779521568707,bid,0.41,400
1779521568707,bid,0.4,200
1779521568707,bid,0.39,2000
1779521568707,bid,0.38,5373.16
1779521568707,bid,0.36,200
1779521568707,bid,0.33,50
1779521568707,bid,0.31,286
1779521568707,bid,0.28,321
1779521568707,bid,0.27,1555
1779521568707,bid,0.26,2555
1779521568707,bid,0.25,400
1779521568707,bid,0.23,3878.26
1779521568707,bid,0.21,1000
1779521568707,bid,0.2,7500
1779521568707,bid,0.18,2444
1779521568707,bid,0.17,5882.35
1779521568707,bid,0.16,92
1779521568707,bid,0.14,8738.42
1779521568707,bid,0.12,12700.33
1779521568707,bid,0.1,450.98
1779521568707,bid,0.09,19255.55
1779521568707,bid,0.08,5128.22
1779521568707,bid,0.07,6211.6
1779521568707,bid,0.06,27633.33
1779521568707,bid,0.04,10556
1779521568707,bid,0.03,67266.66
1779521568707,bid,0.02,8824
1779521568707,bid,0.01,4096
1779521568707,ask,0.59,259.26
1779521568707,ask,0.6,270
1779521568707,ask,0.61,649.15
1779521568707,ask,0.62,390.47
1779521568707,ask,0.63,3229.33
1779521568707,ask,0.64,3476.25
1779521568707,ask,0.65,328.83
1779521568707,ask,0.66,277.57
1779521568707,ask,0.67,210
1779521568707,ask,0.7,200
1779521568707,ask,0.73,1134.92
1779521568707,ask,0.74,353
1779521568707,ask,0.75,2210
1779521568707,ask,0.76,1199.99
1779521568707,ask,0.77,200
1779521568707,ask,0.78,409
1779521568707,ask,0.79,2202.74
1779521568707,ask,0.8,2371
1779521568707,ask,0.81,3768.77
1779521568707,ask,0.82,6644.44
1779521568707,ask,0.85,7338.66
1779521568707,ask,0.86,2000
1779521568707,ask,0.87,7692.3
1779521568707,ask,0.88,800
1779521568707,ask,0.89,11642
1779521568707,ask,0.9,411.27
1779521568707,ask,0.91,14451.68
1779521568707,ask,0.92,1092.48
1779521568707,ask,0.93,24100
1779521568707,ask,0.94,505
1779521568707,ask,0.95,750
1779521568707,ask,0.96,42387.5
1779521568707,ask,0.97,2255
1779521568707,ask,0.98,114027.11
1779521568707,ask,0.99,101545.74
1779521675504,bid,0.58,153.83
1779521675504,bid,0.57,326.97
1779521675504,bid,0.56,108
1779521675504,bid,0.55,1680
1779521675504,bid,0.54,1199.99
1779521675504,bid,0.53,625.53
1779521675504,bid,0.52,719.15
1779521675504,bid,0.51,408.16
1779521675504,bid,0.5,1600
1779521675504,bid,0.48,200
1779521675504,bid,0.46,200
1779521675504,bid,0.45,288
1779521675504,bid,0.44,1200
1779521675504,bid,0.43,2385.59
1779521675504,bid,0.42,4133.06
1779521675504,bid,0.41,400
1779521675504,bid,0.4,200
1779521675504,bid,0.39,2000
1779521675504,bid,0.38,5373.16
1779521675504,bid,0.36,200
1779521675504,bid,0.33,50
1779521675504,bid,0.31,286
1779521675504,bid,0.28,321
1779521675504,bid,0.27,1555
1779521675504,bid,0.26,3555
1779521675504,bid,0.25,400
1779521675504,bid,0.23,3878.26
1779521675504,bid,0.21,1000
1779521675504,bid,0.2,7500
1779521675504,bid,0.18,2444
1779521675504,bid,0.17,5882.35
1779521675504,bid,0.16,92
1779521675504,bid,0.14,8738.42
1779521675504,bid,0.12,12700.33
1779521675504,bid,0.1,450.98
1779521675504,bid,0.09,19255.55
1779521675504,bid,0.08,5128.22
1779521675504,bid,0.07,6211.6
1779521675504,bid,0.06,27633.33
1779521675504,bid,0.04,10556
1779521675504,bid,0.03,67266.66
1779521675504,bid,0.02,8824
1779521675504,bid,0.01,4096
1779521675504,ask,0.59,229.26
1779521675504,ask,0.6,200
1779521675504,ask,0.61,457.15
1779521675504,ask,0.62,390.47
1779521675504,ask,0.63,3229.33
1779521675504,ask,0.64,3476.25
1779521675504,ask,0.65,328.83
1779521675504,ask,0.66,277.57
1779521675504,ask,0.67,210
1779521675504,ask,0.7,200
1779521675504,ask,0.73,1134.92
1779521675504,ask,0.74,507
1779521675504,ask,0.75,2210
1779521675504,ask,0.76,1199.99
1779521675504,ask,0.77,200
1779521675504,ask,0.78,409
1779521675504,ask,0.79,2202.74
1779521675504,ask,0.8,2371
1779521675504,ask,0.81,3768.77
1779521675504,ask,0.82,6644.44
1779521675504,ask,0.84,562
1779521675504,ask,0.85,6671.66
1779521675504,ask,0.86,2000
1779521675504,ask,0.87,7692.3
1779521675504,ask,0.88,800
1779521675504,ask,0.89,11642
1779521675504,ask,0.9,411.27
1779521675504,ask,0.91,14451.68
1779521675504,ask,0.92,1092.48
1779521675504,ask,0.93,24100
1779521675504,ask,0.94,505
1779521675504,ask,0.95,750
1779521675504,ask,0.96,42387.5
1779521675504,ask,0.97,2255
1779521675504,ask,0.98,114027.11
1779521675504,ask,0.99,101545.74
1779522050004,bid,0.58,158.83
1779522050004,bid,0.57,321.97
1779522050004,bid,0.56,988
1779522050004,bid,0.55,1200
1779522050004,bid,0.54,200
1779522050004,bid,0.53,200
1779522050004,bid,0.52,719.15
1779522050004,bid,0.51,608.16
1779522050004,bid,0.5,1600
1779522050004,bid,0.48,200
1779522050004,bid,0.46,755.55
1779522050004,bid,0.45,355
1779522050004,bid,0.44,1200
1779522050004,bid,0.43,2185.59
1779522050004,bid,0.42,4133.06
1779522050004,bid,0.41,400
1779522050004,bid,0.4,200
1779522050004,bid,0.39,2000
1779522050004,bid,0.38,5373.16
1779522050004,bid,0.36,200
1779522050004,bid,0.33,50
1779522050004,bid,0.31,286
1779522050004,bid,0.27,333
1779522050004,bid,0.26,3555
1779522050004,bid,0.25,400
1779522050004,bid,0.23,3878.26
1779522050004,bid,0.21,1000
1779522050004,bid,0.2,7500
1779522050004,bid,0.17,5882.35
1779522050004,bid,0.16,92
1779522050004,bid,0.14,8738.42
1779522050004,bid,0.12,12700.33
1779522050004,bid,0.1,450.98
1779522050004,bid,0.09,19255.55
1779522050004,bid,0.08,378.22
1779522050004,bid,0.07,6211.6
1779522050004,bid,0.06,27633.33
1779522050004,bid,0.04,1056
1779522050004,bid,0.03,67266.66
1779522050004,bid,0.02,8824
1779522050004,bid,0.01,4096
1779522050004,ask,0.6,232.42
1779522050004,ask,0.61,449.15
1779522050004,ask,0.62,1398.47
1779522050004,ask,0.63,1675.14
1779522050004,ask,0.64,921.25
1779522050004,ask,0.65,328.83
1779522050004,ask,0.66,277.57
1779522050004,ask,0.67,210
1779522050004,ask,0.7,628.57
1779522050004,ask,0.72,391
1779522050004,ask,0.73,449.99
1779522050004,ask,0.74,875.67
1779522050004,ask,0.75,2210
1779522050004,ask,0.76,1199.99
1779522050004,ask,0.77,200
1779522050004,ask,0.79,1120
1779522050004,ask,0.8,2371
1779522050004,ask,0.81,3768.77
1779522050004,ask,0.82,6644.44
1779522050004,ask,0.85,6671.66
1779522050004,ask,0.86,2000
1779522050004,ask,0.87,7692.3
1779522050004,ask,0.88,800
1779522050004,ask,0.89,10742
1779522050004,ask,0.9,3531.27
1779522050004,ask,0.91,14451.68
1779522050004,ask,0.92,1092.48
1779522050004,ask,0.93,24100
1779522050004,ask,0.94,505
1779522050004,ask,0.95,750
1779522050004,ask,0.96,42387.5
1779522050004,ask,0.97,2255
1779522050004,ask,0.98,110661.88
1779522050004,ask,0.99,57545.74
1779522174497,bid,0.58,188.83
1779522174497,bid,0.57,321.97
1779522174497,bid,0.56,988
1779522174497,bid,0.55,1200
1779522174497,bid,0.54,200
1779522174497,bid,0.53,275
1779522174497,bid,0.52,719.15
1779522174497,bid,0.51,608.16
1779522174497,bid,0.5,1600
1779522174497,bid,0.48,200
1779522174497,bid,0.46,755.55
1779522174497,bid,0.45,355
1779522174497,bid,0.44,1200
1779522174497,bid,0.43,2185.59
1779522174497,bid,0.42,4133.06
1779522174497,bid,0.41,400
1779522174497,bid,0.4,200
1779522174497,bid,0.39,2000
1779522174497,bid,0.38,5373.16
1779522174497,bid,0.36,200
1779522174497,bid,0.33,50
1779522174497,bid,0.31,286
1779522174497,bid,0.28,321
1779522174497,bid,0.27,1555
1779522174497,bid,0.26,3555
1779522174497,bid,0.25,400
1779522174497,bid,0.23,3878.26
1779522174497,bid,0.21,1000
1779522174497,bid,0.2,7500
1779522174497,bid,0.18,2444
1779522174497,bid,0.17,5882.35
1779522174497,bid,0.16,92
1779522174497,bid,0.14,8738.42
1779522174497,bid,0.12,12700.33
1779522174497,bid,0.1,450.98
1779522174497,bid,0.09,19255.55
1779522174497,bid,0.08,5128.22
1779522174497,bid,0.07,6211.6
1779522174497,bid,0.06,27633.33
1779522174497,bid,0.04,1056
1779522174497,bid,0.03,67266.66
1779522174497,bid,0.02,8824
1779522174497,bid,0.01,4096
1779522174497,ask,0.6,262.42
1779522174497,ask,0.61,449.15
1779522174497,ask,0.62,1398.47
1779522174497,ask,0.63,1675.14
1779522174497,ask,0.64,921.25
1779522174497,ask,0.65,328.83
1779522174497,ask,0.66,277.57
1779522174497,ask,0.67,210
1779522174497,ask,0.7,628.57
1779522174497,ask,0.73,449.99
1779522174497,ask,0.74,875.67
1779522174497,ask,0.75,2210
1779522174497,ask,0.76,1199.99
1779522174497,ask,0.77,200
1779522174497,ask,0.78,363
1779522174497,ask,0.79,1120
1779522174497,ask,0.8,2371
1779522174497,ask,0.81,3768.77
1779522174497,ask,0.82,6644.44
1779522174497,ask,0.84,562
1779522174497,ask,0.85,6671.66
1779522174497,ask,0.86,2000
1779522174497,ask,0.87,7692.3
1779522174497,ask,0.88,800
1779522174497,ask,0.89,10742
1779522174497,ask,0.9,3511.27
1779522174497,ask,0.91,14451.68
1779522174497,ask,0.92,1092.48
1779522174497,ask,0.93,24100
1779522174497,ask,0.94,505
1779522174497,ask,0.95,750
1779522174497,ask,0.96,42387.5
1779522174497,ask,0.97,2255
1779522174497,ask,0.98,110661.88
1779522174497,ask,0.99,57545.74
1779522301017,bid,0.58,188.83
1779522301017,bid,0.57,321.97
1779522301017,bid,0.56,988
1779522301017,bid,0.55,1200
1779522301017,bid,0.54,200
1779522301017,bid,0.53,200
1779522301017,bid,0.52,719.15
1779522301017,bid,0.51,608.16
1779522301017,bid,0.5,1600
1779522301017,bid,0.48,200
1779522301017,bid,0.46,755.55
1779522301017,bid,0.45,355
1779522301017,bid,0.44,1200
1779522301017,bid,0.43,2185.59
1779522301017,bid,0.42,4133.06
1779522301017,bid,0.41,400
1779522301017,bid,0.39,2000
1779522301017,bid,0.38,5373.16
1779522301017,bid,0.36,200
1779522301017,bid,0.33,50
1779522301017,bid,0.31,286
1779522301017,bid,0.28,321
1779522301017,bid,0.26,3555
1779522301017,bid,0.25,400
1779522301017,bid,0.23,3878.26
1779522301017,bid,0.21,1000
1779522301017,bid,0.2,7500
1779522301017,bid,0.18,2444
1779522301017,bid,0.17,5882.35
1779522301017,bid,0.16,92
1779522301017,bid,0.14,8738.42
1779522301017,bid,0.12,12700.33
1779522301017,bid,0.1,450.98
1779522301017,bid,0.09,19255.55
1779522301017,bid,0.08,5128.22
1779522301017,bid,0.07,6211.6
1779522301017,bid,0.06,27633.33
1779522301017,bid,0.04,1056
1779522301017,bid,0.03,67266.66
1779522301017,bid,0.02,8824
1779522301017,bid,0.01,4096
1779522301017,ask,0.6,262.42
1779522301017,ask,0.61,449.15
1779522301017,ask,0.62,1398.47
1779522301017,ask,0.63,1675.14
1779522301017,ask,0.64,921.25
1779522301017,ask,0.65,328.83
1779522301017,ask,0.66,277.57
1779522301017,ask,0.67,210
1779522301017,ask,0.7,628.57
1779522301017,ask,0.72,142
1779522301017,ask,0.73,449.99
1779522301017,ask,0.74,875.67
1779522301017,ask,0.75,2210
1779522301017,ask,0.76,1199.99
1779522301017,ask,0.77,200
1779522301017,ask,0.78,363
1779522301017,ask,0.79,1120
1779522301017,ask,0.8,2371
1779522301017,ask,0.81,3768.77
1779522301017,ask,0.82,6644.44
1779522301017,ask,0.84,562
1779522301017,ask,0.85,6671.66
1779522301017,ask,0.86,2000
1779522301017,ask,0.87,7692.3
1779522301017,ask,0.88,800
1779522301017,ask,0.89,10742
1779522301017,ask,0.9,3531.27
1779522301017,ask,0.91,14451.68
1779522301017,ask,0.92,1092.48
1779522301017,ask,0.93,24100
1779522301017,ask,0.94,505
1779522301017,ask,0.95,750
1779522301017,ask,0.96,42387.5
1779522301017,ask,0.97,2255
1779522301017,ask,0.98,110661.88
1779522301017,ask,0.99,57545.74
1779522413584,bid,0.58,188.83
1779522413584,bid,0.57,321.97
1779522413584,bid,0.56,988
1779522413584,bid,0.55,1200
1779522413584,bid,0.54,200
1779522413584,bid,0.53,275
1779522413584,bid,0.52,719.15
1779522413584,bid,0.51,608.16
1779522413584,bid,0.5,1600
1779522413584,bid,0.48,200
1779522413584,bid,0.46,755.55
1779522413584,bid,0.45,200
1779522413584,bid,0.44,1200
1779522413584,bid,0.43,2185.59
1779522413584,bid,0.42,4133.06
1779522413584,bid,0.41,400
1779522413584,bid,0.4,200
1779522413584,bid,0.39,2000
1779522413584,bid,0.38,5373.16
1779522413584,bid,0.36,200
1779522413584,bid,0.33,50
1779522413584,bid,0.31,286
1779522413584,bid,0.27,1555
1779522413584,bid,0.26,3555
1779522413584,bid,0.25,400
1779522413584,bid,0.23,3878.26
1779522413584,bid,0.21,1000
1779522413584,bid,0.2,7500
1779522413584,bid,0.18,2444
1779522413584,bid,0.17,5882.35
1779522413584,bid,0.16,92
1779522413584,bid,0.14,8738.42
1779522413584,bid,0.12,12700.33
1779522413584,bid,0.1,450.98
1779522413584,bid,0.09,19255.55
1779522413584,bid,0.08,5128.22
1779522413584,bid,0.07,6211.6
1779522413584,bid,0.06,27633.33
1779522413584,bid,0.04,1056
1779522413584,bid,0.03,67266.66
1779522413584,bid,0.02,8824
1779522413584,bid,0.01,4096
1779522413584,ask,0.6,262.42
1779522413584,ask,0.61,449.15
1779522413584,ask,0.62,1398.47
1779522413584,ask,0.63,1675.14
1779522413584,ask,0.64,921.25
1779522413584,ask,0.65,328.83
1779522413584,ask,0.66,277.57
1779522413584,ask,0.67,210
1779522413584,ask,0.7,628.57
1779522413584,ask,0.72,391
1779522413584,ask,0.73,449.99
1779522413584,ask,0.74,875.67
1779522413584,ask,0.75,2210
1779522413584,ask,0.76,1199.99
1779522413584,ask,0.77,200
1779522413584,ask,0.79,1120
1779522413584,ask,0.8,2371
1779522413584,ask,0.81,3768.77
1779522413584,ask,0.82,6644.44
1779522413584,ask,0.84,562
1779522413584,ask,0.85,6671.66
1779522413584,ask,0.86,2000
1779522413584,ask,0.87,7692.3
1779522413584,ask,0.88,800
1779522413584,ask,0.89,10742
1779522413584,ask,0.9,411.27
1779522413584,ask,0.91,14451.68
1779522413584,ask,0.92,1092.48
1779522413584,ask,0.93,24100
1779522413584,ask,0.94,505
1779522413584,ask,0.95,750
1779522413584,ask,0.96,42387.5
1779522413584,ask,0.97,2255
1779522413584,ask,0.98,110661.88
1779522413584,ask,0.99,57545.74
1779522737809,bid,0.58,188.83
1779522737809,bid,0.57,321.97
1779522737809,bid,0.56,988
1779522737809,bid,0.55,1200
1779522737809,bid,0.54,200
1779522737809,bid,0.53,200
1779522737809,bid,0.52,719.15
1779522737809,bid,0.51,608.16
1779522737809,bid,0.5,1600
1779522737809,bid,0.48,200
1779522737809,bid,0.46,755.55
1779522737809,bid,0.45,355
1779522737809,bid,0.44,1200
1779522737809,bid,0.43,2185.59
1779522737809,bid,0.42,4133.06
1779522737809,bid,0.41,400
1779522737809,bid,0.39,2000
1779522737809,bid,0.38,5373.16
1779522737809,bid,0.36,200
1779522737809,bid,0.33,50
1779522737809,bid,0.31,286
1779522737809,bid,0.28,321
1779522737809,bid,0.27,1555
1779522737809,bid,0.26,3555
1779522737809,bid,0.25,400
1779522737809,bid,0.23,3878.26
1779522737809,bid,0.21,1000
1779522737809,bid,0.2,7500
1779522737809,bid,0.18,2444
1779522737809,bid,0.17,5882.35
1779522737809,bid,0.16,92
1779522737809,bid,0.14,8738.42
1779522737809,bid,0.12,12700.33
1779522737809,bid,0.1,450.98
1779522737809,bid,0.09,19255.55
1779522737809,bid,0.08,5128.22
1779522737809,bid,0.07,6211.6
1779522737809,bid,0.06,27633.33
1779522737809,bid,0.04,1056
1779522737809,bid,0.03,67266.66
1779522737809,bid,0.02,8824
1779522737809,bid,0.01,4096
1779522737809,ask,0.6,262.42
1779522737809,ask,0.61,449.15
1779522737809,ask,0.62,1398.47
1779522737809,ask,0.63,1675.14
1779522737809,ask,0.64,921.25
1779522737809,ask,0.65,328.83
1779522737809,ask,0.66,277.57
1779522737809,ask,0.67,210
1779522737809,ask,0.7,628.57
1779522737809,ask,0.72,391
1779522737809,ask,0.73,449.99
1779522737809,ask,0.74,875.67
1779522737809,ask,0.75,2210
1779522737809,ask,0.76,1199.99
1779522737809,ask,0.77,200
1779522737809,ask,0.79,1120
1779522737809,ask,0.8,2371
1779522737809,ask,0.81,3768.77
1779522737809,ask,0.82,6644.44
1779522737809,ask,0.84,562
1779522737809,ask,0.85,6671.66
1779522737809,ask,0.86,2000
1779522737809,ask,0.87,7692.3
1779522737809,ask,0.88,800
1779522737809,ask,0.89,10742
1779522737809,ask,0.9,3541.27
1779522737809,ask,0.91,14451.68
1779522737809,ask,0.92,1092.48
1779522737809,ask,0.93,24100
1779522737809,ask,0.94,505
1779522737809,ask,0.95,750
1779522737809,ask,0.96,42387.5
1779522737809,ask,0.97,2255
1779522737809,ask,0.98,110661.88
1779522737809,ask,0.99,57545.74
1779522864576,bid,0.58,188.83
1779522864576,bid,0.57,321.97
1779522864576,bid,0.56,988
1779522864576,bid,0.55,1200
1779522864576,bid,0.54,200
1779522864576,bid,0.53,275
1779522864576,bid,0.52,719.15
1779522864576,bid,0.51,608.16
1779522864576,bid,0.5,1600
1779522864576,bid,0.48,200
1779522864576,bid,0.46,755.55
1779522864576,bid,0.45,355
1779522864576,bid,0.44,1200
1779522864576,bid,0.43,2185.59
1779522864576,bid,0.42,4133.06
1779522864576,bid,0.41,400
1779522864576,bid,0.4,200
1779522864576,bid,0.39,2000
1779522864576,bid,0.38,5373.16
1779522864576,bid,0.36,200
1779522864576,bid,0.33,50
1779522864576,bid,0.31,286
1779522864576,bid,0.27,1555
1779522864576,bid,0.26,3555
1779522864576,bid,0.25,400
1779522864576,bid,0.23,3878.26
1779522864576,bid,0.21,1000
1779522864576,bid,0.2,7500
1779522864576,bid,0.18,2444
1779522864576,bid,0.17,5882.35
1779522864576,bid,0.16,92
1779522864576,bid,0.14,8738.42
1779522864576,bid,0.12,12700.33
1779522864576,bid,0.1,450.98
1779522864576,bid,0.09,19255.55
1779522864576,bid,0.08,5128.22
1779522864576,bid,0.07,6211.6
1779522864576,bid,0.06,27633.33
1779522864576,bid,0.04,1056
1779522864576,bid,0.03,67266.66
1779522864576,bid,0.02,8824
1779522864576,bid,0.01,4096
1779522864576,ask,0.6,262.42
1779522864576,ask,0.61,449.15
1779522864576,ask,0.62,1898.47
1779522864576,ask,0.63,2151.33
1779522864576,ask,0.64,921.25
1779522864576,ask,0.65,328.83
1779522864576,ask,0.66,277.57
1779522864576,ask,0.67,210
1779522864576,ask,0.7,628.57
1779522864576,ask,0.72,391
1779522864576,ask,0.73,449.99
1779522864576,ask,0.74,875.67
1779522864576,ask,0.75,2210
1779522864576,ask,0.76,1199.99
1779522864576,ask,0.77,200
1779522864576,ask,0.78,363
1779522864576,ask,0.79,1120
1779522864576,ask,0.8,2371
1779522864576,ask,0.81,3768.77
1779522864576,ask,0.82,6644.44
1779522864576,ask,0.85,6671.66
1779522864576,ask,0.86,2000
1779522864576,ask,0.87,7692.3
1779522864576,ask,0.88,800
1779522864576,ask,0.89,10742
1779522864576,ask,0.9,4101.27
1779522864576,ask,0.91,14451.68
1779522864576,ask,0.92,1092.48
1779522864576,ask,0.93,24100
1779522864576,ask,0.94,505
1779522864576,ask,0.95,750
1779522864576,ask,0.96,42387.5
1779522864576,ask,0.97,2255
1779522864576,ask,0.98,110661.88
1779522864576,ask,0.99,57545.74
1779522976048,bid,0.58,124.76
1779522976048,bid,0.57,321.97
1779522976048,bid,0.56,980
1779522976048,bid,0.55,1200
1779522976048,bid,0.54,200
1779522976048,bid,0.53,275
1779522976048,bid,0.52,719.15
1779522976048,bid,0.51,608.16
1779522976048,bid,0.5,1600
1779522976048,bid,0.48,200
1779522976048,bid,0.46,755.55
1779522976048,bid,0.45,355
1779522976048,bid,0.44,1200
1779522976048,bid,0.43,2185.59
1779522976048,bid,0.42,4133.06
1779522976048,bid,0.41,400
1779522976048,bid,0.4,200
1779522976048,bid,0.39,2000
1779522976048,bid,0.38,5373.16
1779522976048,bid,0.36,200
1779522976048,bid,0.33,50
1779522976048,bid,0.31,286
1779522976048,bid,0.27,1555
1779522976048,bid,0.26,3555
1779522976048,bid,0.25,400
1779522976048,bid,0.23,3878.26
1779522976048,bid,0.21,1000
1779522976048,bid,0.2,7500
1779522976048,bid,0.18,2444
1779522976048,bid,0.17,5882.35
1779522976048,bid,0.16,92
1779522976048,bid,0.14,8738.42
1779522976048,bid,0.12,12700.33
1779522976048,bid,0.1,450.98
1779522976048,bid,0.09,19255.55
1779522976048,bid,0.08,5128.22
1779522976048,bid,0.07,6211.6
1779522976048,bid,0.06,27633.33
1779522976048,bid,0.04,1056
1779522976048,bid,0.03,67266.66
1779522976048,bid,0.02,8824
1779522976048,bid,0.01,4096
1779522976048,ask,0.6,270.53
1779522976048,ask,0.61,449.15
1779522976048,ask,0.62,1390.47
1779522976048,ask,0.63,1675.14
1779522976048,ask,0.64,921.25
1779522976048,ask,0.65,328.83
1779522976048,ask,0.66,277.57
1779522976048,ask,0.67,210
1779522976048,ask,0.7,628.57
1779522976048,ask,0.72,391
1779522976048,ask,0.73,449.99
1779522976048,ask,0.74,875.67
1779522976048,ask,0.75,2210
1779522976048,ask,0.76,1199.99
1779522976048,ask,0.77,200
1779522976048,ask,0.79,1120
1779522976048,ask,0.8,2371
1779522976048,ask,0.81,3768.77
1779522976048,ask,0.82,6644.44
1779522976048,ask,0.85,6671.66
1779522976048,ask,0.86,2000
1779522976048,ask,0.87,7692.3
1779522976048,ask,0.88,800
1779522976048,ask,0.89,10742
1779522976048,ask,0.9,411.27
1779522976048,ask,0.91,14451.68
1779522976048,ask,0.92,1092.48
1779522976048,ask,0.93,24100
1779522976048,ask,0.94,505
1779522976048,ask,0.95,750
1779522976048,ask,0.96,42387.5
1779522976048,ask,0.97,2255
1779522976048,ask,0.98,110661.88
1779522976048,ask,0.99,57545.74
1779523319000,bid,0.58,124.3
1779523319000,bid,0.57,211.27
1779523319000,bid,0.56,500
1779523319000,bid,0.55,1200
1779523319000,bid,0.54,200
1779523319000,bid,0.53,269
1779523319000,bid,0.52,719.15
1779523319000,bid,0.51,680
1779523319000,bid,0.5,1600
1779523319000,bid,0.48,776.92
1779523319000,bid,0.46,755.55
1779523319000,bid,0.45,355
1779523319000,bid,0.44,1200
1779523319000,bid,0.43,2185.59
1779523319000,bid,0.42,4133.06
1779523319000,bid,0.41,400
1779523319000,bid,0.39,2000
1779523319000,bid,0.38,5373.16
1779523319000,bid,0.36,200
1779523319000,bid,0.33,50
1779523319000,bid,0.31,286
1779523319000,bid,0.27,1555
1779523319000,bid,0.26,2555
1779523319000,bid,0.25,400
1779523319000,bid,0.23,3878.26
1779523319000,bid,0.21,1000
1779523319000,bid,0.2,7500
1779523319000,bid,0.18,2444
1779523319000,bid,0.17,5882.35
1779523319000,bid,0.16,92
1779523319000,bid,0.14,8738.42
1779523319000,bid,0.12,12700.33
1779523319000,bid,0.1,450.98
1779523319000,bid,0.09,19255.55
1779523319000,bid,0.08,5128.22
1779523319000,bid,0.07,6211.6
1779523319000,bid,0.06,27633.33
1779523319000,bid,0.04,1056
1779523319000,bid,0.03,67266.66
1779523319000,bid,0.02,8824
1779523319000,bid,0.01,4096
1779523319000,ask,0.6,280.53
1779523319000,ask,0.61,649.15
1779523319000,ask,0.62,390.47
1779523319000,ask,0.63,1675.14
1779523319000,ask,0.64,921.25
1779523319000,ask,0.65,790.36
1779523319000,ask,0.66,732.11
1779523319000,ask,0.67,210
1779523319000,ask,0.7,628.57
1779523319000,ask,0.72,391
1779523319000,ask,0.73,449.99
1779523319000,ask,0.74,1084
1779523319000,ask,0.75,2210
1779523319000,ask,0.76,1199.99
1779523319000,ask,0.77,200
1779523319000,ask,0.78,363
1779523319000,ask,0.79,1120
1779523319000,ask,0.8,2371
1779523319000,ask,0.81,3768.77
1779523319000,ask,0.82,6644.44
1779523319000,ask,0.85,6671.66
1779523319000,ask,0.86,2000
1779523319000,ask,0.87,7692.3
1779523319000,ask,0.88,800
1779523319000,ask,0.89,10742
1779523319000,ask,0.9,3481.27
1779523319000,ask,0.91,14451.68
1779523319000,ask,0.92,1092.48
1779523319000,ask,0.93,24100
1779523319000,ask,0.94,505
1779523319000,ask,0.95,750
1779523319000,ask,0.96,42387.5
1779523319000,ask,0.97,2255
1779523319000,ask,0.98,110661.88
1779523319000,ask,0.99,57545.74
1779523411600,bid,0.58,124.3
1779523411600,bid,0.57,211.27
1779523411600,bid,0.56,500
1779523411600,bid,0.55,1200
1779523411600,bid,0.54,200
1779523411600,bid,0.53,269
1779523411600,bid,0.52,719.15
1779523411600,bid,0.51,680
1779523411600,bid,0.5,1600
1779523411600,bid,0.48,776.92
1779523411600,bid,0.46,755.55
1779523411600,bid,0.45,355
1779523411600,bid,0.44,1200
1779523411600,bid,0.43,2185.59
1779523411600,bid,0.42,4133.06
1779523411600,bid,0.41,400
1779523411600,bid,0.4,200
1779523411600,bid,0.39,2000
1779523411600,bid,0.38,5373.16
1779523411600,bid,0.36,200
1779523411600,bid,0.33,50
1779523411600,bid,0.31,286
1779523411600,bid,0.28,321
1779523411600,bid,0.27,1555
1779523411600,bid,0.26,2555
1779523411600,bid,0.25,400
1779523411600,bid,0.23,3878.26
1779523411600,bid,0.21,1000
1779523411600,bid,0.2,7500
1779523411600,bid,0.18,2444
1779523411600,bid,0.17,5882.35
1779523411600,bid,0.16,92
1779523411600,bid,0.14,8738.42
1779523411600,bid,0.12,12700.33
1779523411600,bid,0.1,450.98
1779523411600,bid,0.09,19255.55
1779523411600,bid,0.08,5128.22
1779523411600,bid,0.07,6211.6
1779523411600,bid,0.06,27633.33
1779523411600,bid,0.04,1056
1779523411600,bid,0.03,67266.66
1779523411600,bid,0.02,8824
1779523411600,bid,0.01,4096
1779523411600,ask,0.59,21.97
1779523411600,ask,0.6,267.42
1779523411600,ask,0.61,329.15
1779523411600,ask,0.62,390.47
1779523411600,ask,0.63,2043.64
1779523411600,ask,0.64,921.25
1779523411600,ask,0.65,790.36
1779523411600,ask,0.66,732.11
1779523411600,ask,0.67,210
1779523411600,ask,0.7,628.57
1779523411600,ask,0.72,142
1779523411600,ask,0.73,449.99
1779523411600,ask,0.74,1084
1779523411600,ask,0.75,2210
1779523411600,ask,0.76,1199.99
1779523411600,ask,0.77,200
1779523411600,ask,0.79,1120
1779523411600,ask,0.8,2371
1779523411600,ask,0.81,3768.77
1779523411600,ask,0.82,6644.44
1779523411600,ask,0.84,562
1779523411600,ask,0.85,6671.66
1779523411600,ask,0.86,2000
1779523411600,ask,0.87,7692.3
1779523411600,ask,0.88,800
1779523411600,ask,0.89,10742
1779523411600,ask,0.9,3291.27
1779523411600,ask,0.91,14451.68
1779523411600,ask,0.92,1092.48
1779523411600,ask,0.93,24100
1779523411600,ask,0.94,505
1779523411600,ask,0.95,750
1779523411600,ask,0.96,42387.5
1779523411600,ask,0.97,2255
1779523411600,ask,0.98,110661.88
1779523411600,ask,0.99,57545.74
1779523546680,bid,0.58,124.3
1779523546680,bid,0.57,211.27
1779523546680,bid,0.56,500
1779523546680,bid,0.55,1200
1779523546680,bid,0.54,200
1779523546680,bid,0.53,200
1779523546680,bid,0.52,719.15
1779523546680,bid,0.51,680
1779523546680,bid,0.5,1600
1779523546680,bid,0.48,776.92
1779523546680,bid,0.46,755.55
1779523546680,bid,0.45,355
1779523546680,bid,0.44,1200
1779523546680,bid,0.43,2185.59
1779523546680,bid,0.42,4133.06
1779523546680,bid,0.41,400
1779523546680,bid,0.39,2000
1779523546680,bid,0.38,5373.16
1779523546680,bid,0.36,200
1779523546680,bid,0.33,50
1779523546680,bid,0.31,286
1779523546680,bid,0.28,321
1779523546680,bid,0.27,1555
1779523546680,bid,0.26,2555
1779523546680,bid,0.25,400
1779523546680,bid,0.23,3878.26
1779523546680,bid,0.21,1000
1779523546680,bid,0.2,7500
1779523546680,bid,0.18,2444
1779523546680,bid,0.17,5882.35
1779523546680,bid,0.16,92
1779523546680,bid,0.14,8738.42
1779523546680,bid,0.12,12700.33
1779523546680,bid,0.1,450.98
1779523546680,bid,0.09,19255.55
1779523546680,bid,0.08,5128.22
1779523546680,bid,0.07,6211.6
1779523546680,bid,0.06,27633.33
1779523546680,bid,0.04,1056
1779523546680,bid,0.03,67266.66
1779523546680,bid,0.02,8824
1779523546680,bid,0.01,4096
1779523546680,ask,0.59,21.97
1779523546680,ask,0.6,173.42
1779523546680,ask,0.61,249.15
1779523546680,ask,0.62,590.47
1779523546680,ask,0.63,2043.64
1779523546680,ask,0.64,921.25
1779523546680,ask,0.65,790.36
1779523546680,ask,0.66,732.11
1779523546680,ask,0.67,210
1779523546680,ask,0.7,628.57
1779523546680,ask,0.72,391
1779523546680,ask,0.73,449.99
1779523546680,ask,0.74,1084
1779523546680,ask,0.75,2210
1779523546680,ask,0.76,1199.99
1779523546680,ask,0.77,200
1779523546680,ask,0.79,1120
1779523546680,ask,0.8,2371
1779523546680,ask,0.81,3768.77
1779523546680,ask,0.82,6644.44
1779523546680,ask,0.84,562
1779523546680,ask,0.85,6671.66
1779523546680,ask,0.86,2000
1779523546680,ask,0.87,7692.3
1779523546680,ask,0.88,800
1779523546680,ask,0.89,10742
1779523546680,ask,0.9,3501.27
1779523546680,ask,0.91,14451.68
1779523546680,ask,0.92,1092.48
1779523546680,ask,0.93,24100
1779523546680,ask,0.94,505
1779523546680,ask,0.95,750
1779523546680,ask,0.96,42387.5
1779523546680,ask,0.97,2255
1779523546680,ask,0.98,110661.88
1779523546680,ask,0.99,57545.74
1779523688311,bid,0.58,119.53
1779523688311,bid,0.57,211.27
1779523688311,bid,0.56,708
1779523688311,bid,0.55,1200
1779523688311,bid,0.54,200
1779523688311,bid,0.53,275
1779523688311,bid,0.52,719.15
1779523688311,bid,0.51,680
1779523688311,bid,0.5,1600
1779523688311,bid,0.48,776.92
1779523688311,bid,0.46,755.55
1779523688311,bid,0.45,355
1779523688311,bid,0.44,1200
1779523688311,bid,0.43,2185.59
1779523688311,bid,0.42,4133.06
1779523688311,bid,0.41,400
1779523688311,bid,0.4,200
1779523688311,bid,0.39,2000
1779523688311,bid,0.38,5373.16
1779523688311,bid,0.36,200
1779523688311,bid,0.33,50
1779523688311,bid,0.31,286
1779523688311,bid,0.28,321
1779523688311,bid,0.27,1555
1779523688311,bid,0.26,2555
1779523688311,bid,0.25,400
1779523688311,bid,0.23,3878.26
1779523688311,bid,0.21,1000
1779523688311,bid,0.2,7500
1779523688311,bid,0.18,2444
1779523688311,bid,0.17,5882.35
1779523688311,bid,0.16,92
1779523688311,bid,0.14,8738.42
1779523688311,bid,0.12,12700.33
1779523688311,bid,0.1,450.98
1779523688311,bid,0.09,19255.55
1779523688311,bid,0.08,5128.22
1779523688311,bid,0.07,6211.6
1779523688311,bid,0.06,27633.33
1779523688311,bid,0.04,1056
1779523688311,bid,0.03,67266.66
1779523688311,bid,0.02,8824
1779523688311,bid,0.01,4096
1779523688311,ask,0.59,21.97
1779523688311,ask,0.6,143.42
1779523688311,ask,0.61,249.15
1779523688311,ask,0.62,598.47
1779523688311,ask,0.63,2043.64
1779523688311,ask,0.64,921.25
1779523688311,ask,0.65,790.36
1779523688311,ask,0.66,732.11
1779523688311,ask,0.67,210
1779523688311,ask,0.7,628.57
1779523688311,ask,0.72,391
1779523688311,ask,0.73,449.99
1779523688311,ask,0.74,1084
1779523688311,ask,0.75,2210
1779523688311,ask,0.76,1199.99
1779523688311,ask,0.77,200
1779523688311,ask,0.78,363
1779523688311,ask,0.79,1120
1779523688311,ask,0.8,2371
1779523688311,ask,0.81,3768.77
1779523688311,ask,0.82,6644.44
1779523688311,ask,0.85,6671.66
1779523688311,ask,0.86,2000
1779523688311,ask,0.87,7692.3
1779523688311,ask,0.88,800
1779523688311,ask,0.89,10742
1779523688311,ask,0.9,3491.27
1779523688311,ask,0.91,14451.68
1779523688311,ask,0.92,1092.48
1779523688311,ask,0.93,24100
1779523688311,ask,0.94,505
1779523688311,ask,0.95,750
1779523688311,ask,0.96,42387.5
1779523688311,ask,0.97,2255
1779523688311,ask,0.98,110661.88
1779523688311,ask,0.99,57545.74
1779524042079,bid,0.57,183.36
1779524042079,bid,0.56,305
1779524042079,bid,0.55,1200
1779524042079,bid,0.54,200
1779524042079,bid,0.53,200
1779524042079,bid,0.52,719.15
1779524042079,bid,0.51,680
1779524042079,bid,0.5,1600
1779524042079,bid,0.48,776.92
1779524042079,bid,0.46,755.55
1779524042079,bid,0.45,355
1779524042079,bid,0.44,1200
1779524042079,bid,0.43,2185.59
1779524042079,bid,0.42,4133.06
1779524042079,bid,0.41,400
1779524042079,bid,0.4,200
1779524042079,bid,0.39,2000
1779524042079,bid,0.38,5373.16
1779524042079,bid,0.36,200
1779524042079,bid,0.33,50
1779524042079,bid,0.31,286
1779524042079,bid,0.28,321
1779524042079,bid,0.27,1555
1779524042079,bid,0.26,2555
1779524042079,bid,0.25,400
1779524042079,bid,0.23,3878.26
1779524042079,bid,0.21,1000
1779524042079,bid,0.2,7500
1779524042079,bid,0.17,5882.35
1779524042079,bid,0.16,92
1779524042079,bid,0.15,2933
1779524042079,bid,0.14,8738.42
1779524042079,bid,0.12,12700.33
1779524042079,bid,0.1,450.98
1779524042079,bid,0.09,19255.55
1779524042079,bid,0.08,378.22
1779524042079,bid,0.07,6211.6
1779524042079,bid,0.06,27633.33
1779524042079,bid,0.04,10556
1779524042079,bid,0.03,67266.66
1779524042079,bid,0.02,8824
1779524042079,bid,0.01,4096
1779524042079,ask,0.58,282
1779524042079,ask,0.59,34.04
1779524042079,ask,0.6,734.89
1779524042079,ask,0.61,232.26
1779524042079,ask,0.62,390.47
1779524042079,ask,0.63,1675.14
1779524042079,ask,0.64,921.25
1779524042079,ask,0.65,790.36
1779524042079,ask,0.66,732.11
1779524042079,ask,0.67,210
1779524042079,ask,0.7,628.57
1779524042079,ask,0.73,449.99
1779524042079,ask,0.74,622
1779524042079,ask,0.75,2210
1779524042079,ask,0.76,1199.99
1779524042079,ask,0.77,200
1779524042079,ask,0.79,1120
1779524042079,ask,0.8,2371
1779524042079,ask,0.81,3768.77
1779524042079,ask,0.82,6644.44
1779524042079,ask,0.84,2935.46
1779524042079,ask,0.85,7338.66
1779524042079,ask,0.86,2000
1779524042079,ask,0.87,7692.3
1779524042079,ask,0.88,800
1779524042079,ask,0.89,10742
1779524042079,ask,0.9,411.27
1779524042079,ask,0.91,14451.68
1779524042079,ask,0.92,1092.48
1779524042079,ask,0.93,24100
1779524042079,ask,0.94,505
1779524042079,ask,0.95,750
1779524042079,ask,0.96,42387.5
1779524042079,ask,0.97,2255
1779524042079,ask,0.98,127161.88
1779524042079,ask,0.99,57545.74
1779524103253,bid,0.57,183.36
1779524103253,bid,0.56,305
1779524103253,bid,0.55,1200
1779524103253,bid,0.54,400
1779524103253,bid,0.53,200
1779524103253,bid,0.52,719.15
1779524103253,bid,0.51,680
1779524103253,bid,0.5,1600
1779524103253,bid,0.48,776.92
1779524103253,bid,0.46,755.55
1779524103253,bid,0.45,355
1779524103253,bid,0.44,1200
1779524103253,bid,0.43,2185.59
1779524103253,bid,0.42,4133.06
1779524103253,bid,0.41,400
1779524103253,bid,0.39,2000
1779524103253,bid,0.38,5373.16
1779524103253,bid,0.36,200
1779524103253,bid,0.33,50
1779524103253,bid,0.31,286
1779524103253,bid,0.28,321
1779524103253,bid,0.27,1555
1779524103253,bid,0.26,2555
1779524103253,bid,0.25,400
1779524103253,bid,0.23,3878.26
1779524103253,bid,0.21,1000
1779524103253,bid,0.2,7500
1779524103253,bid,0.17,5882.35
1779524103253,bid,0.16,92
1779524103253,bid,0.15,2933
1779524103253,bid,0.14,8738.42
1779524103253,bid,0.12,12700.33
1779524103253,bid,0.1,450.98
1779524103253,bid,0.09,19255.55
1779524103253,bid,0.08,378.22
1779524103253,bid,0.07,6211.6
1779524103253,bid,0.06,27633.33
1779524103253,bid,0.04,10556
1779524103253,bid,0.03,67266.66
1779524103253,bid,0.02,8824
1779524103253,bid,0.01,4096
1779524103253,ask,0.58,282
1779524103253,ask,0.59,34.04
1779524103253,ask,0.6,729.89
1779524103253,ask,0.61,232.26
1779524103253,ask,0.62,390.47
1779524103253,ask,0.63,1675.14
1779524103253,ask,0.64,921.25
1779524103253,ask,0.65,790.36
1779524103253,ask,0.66,732.11
1779524103253,ask,0.67,210
1779524103253,ask,0.7,628.57
1779524103253,ask,0.73,449.99
1779524103253,ask,0.74,622
1779524103253,ask,0.75,2210
1779524103253,ask,0.76,1199.99
1779524103253,ask,0.77,200
1779524103253,ask,0.78,409
1779524103253,ask,0.79,1120
1779524103253,ask,0.8,2371
1779524103253,ask,0.81,3768.77
1779524103253,ask,0.82,6644.44
1779524103253,ask,0.84,2935.46
1779524103253,ask,0.85,7338.66
1779524103253,ask,0.86,2000
1779524103253,ask,0.87,7692.3
1779524103253,ask,0.88,800
1779524103253,ask,0.89,11642
1779524103253,ask,0.9,411.27
1779524103253,ask,0.91,14451.68
1779524103253,ask,0.92,1092.48
1779524103253,ask,0.93,24100
1779524103253,ask,0.94,505
1779524103253,ask,0.95,750
1779524103253,ask,0.96,42387.5
1779524103253,ask,0.97,2255
1779524103253,ask,0.98,127161.88
1779524103253,ask,0.99,57545.74
1779524250361,bid,0.57,183.36
1779524250361,bid,0.56,205
1779524250361,bid,0.55,1200
1779524250361,bid,0.54,400
1779524250361,bid,0.52,719.15
1779524250361,bid,0.51,680
1779524250361,bid,0.5,1600
1779524250361,bid,0.48,776.92
1779524250361,bid,0.46,755.55
1779524250361,bid,0.45,288
1779524250361,bid,0.44,1200
1779524250361,bid,0.43,2185.59
1779524250361,bid,0.42,4133.06
1779524250361,bid,0.4,200
1779524250361,bid,0.39,2000
1779524250361,bid,0.38,5373.16
1779524250361,bid,0.36,200
1779524250361,bid,0.33,50
1779524250361,bid,0.27,1500
1779524250361,bid,0.26,2555
1779524250361,bid,0.25,400
1779524250361,bid,0.23,3878.26
1779524250361,bid,0.21,1000
1779524250361,bid,0.2,7500
1779524250361,bid,0.17,5882.35
1779524250361,bid,0.16,92
1779524250361,bid,0.14,8738.42
1779524250361,bid,0.12,12700.33
1779524250361,bid,0.1,450.98
1779524250361,bid,0.09,19255.55
1779524250361,bid,0.08,378.22
1779524250361,bid,0.07,6211.6
1779524250361,bid,0.06,27633.33
1779524250361,bid,0.04,10556
1779524250361,bid,0.03,67266.66
1779524250361,bid,0.02,8824
1779524250361,bid,0.01,4096
1779524250361,ask,0.58,282
1779524250361,ask,0.59,34.04
1779524250361,ask,0.6,527.89
1779524250361,ask,0.61,232.26
1779524250361,ask,0.62,210
1779524250361,ask,0.63,1675.14
1779524250361,ask,0.64,921.25
1779524250361,ask,0.65,790.36
1779524250361,ask,0.66,732.11
1779524250361,ask,0.67,210
1779524250361,ask,0.7,628.57
1779524250361,ask,0.72,142
1779524250361,ask,0.73,449.99
1779524250361,ask,0.74,1084
1779524250361,ask,0.75,2210
1779524250361,ask,0.76,1199.99
1779524250361,ask,0.77,200
1779524250361,ask,0.78,772
1779524250361,ask,0.79,1120
1779524250361,ask,0.8,2371
1779524250361,ask,0.81,3768.77
1779524250361,ask,0.82,6644.44
1779524250361,ask,0.84,2935.46
1779524250361,ask,0.85,7338.66
1779524250361,ask,0.86,2000
1779524250361,ask,0.87,7692.3
1779524250361,ask,0.88,800
1779524250361,ask,0.89,11642
1779524250361,ask,0.9,411.27
1779524250361,ask,0.91,14451.68
1779524250361,ask,0.92,1092.48
1779524250361,ask,0.93,24100
1779524250361,ask,0.94,505
1779524250361,ask,0.95,750
1779524250361,ask,0.96,42387.5
1779524250361,ask,0.97,2255
1779524250361,ask,0.98,126311.88
1779524250361,ask,0.99,57545.74
1779524574809,bid,0.57,183.36
1779524574809,bid,0.56,210
1779524574809,bid,0.55,1200
1779524574809,bid,0.54,400
1779524574809,bid,0.52,719.15
1779524574809,bid,0.51,680
1779524574809,bid,0.5,1600
1779524574809,bid,0.48,776.92
1779524574809,bid,0.46,755.55
1779524574809,bid,0.45,443
1779524574809,bid,0.44,1200
1779524574809,bid,0.43,2185.59
1779524574809,bid,0.42,4133.06
1779524574809,bid,0.4,200
1779524574809,bid,0.39,2000
1779524574809,bid,0.38,5373.16
1779524574809,bid,0.36,200
1779524574809,bid,0.33,50
1779524574809,bid,0.27,1496
1779524574809,bid,0.26,2555
1779524574809,bid,0.25,400
1779524574809,bid,0.23,3878.26
1779524574809,bid,0.21,1000
1779524574809,bid,0.2,7500
1779524574809,bid,0.17,5882.35
1779524574809,bid,0.16,92
1779524574809,bid,0.14,8738.42
1779524574809,bid,0.12,12700.33
1779524574809,bid,0.1,450.98
1779524574809,bid,0.09,19255.55
1779524574809,bid,0.08,378.22
1779524574809,bid,0.07,6211.6
1779524574809,bid,0.06,27633.33
1779524574809,bid,0.04,10556
1779524574809,bid,0.03,67266.66
1779524574809,bid,0.02,8824
1779524574809,bid,0.01,4096
1779524574809,ask,0.58,277
1779524574809,ask,0.59,34.04
1779524574809,ask,0.6,1027.89
1779524574809,ask,0.61,213
1779524574809,ask,0.62,210
1779524574809,ask,0.63,1675.14
1779524574809,ask,0.64,921.25
1779524574809,ask,0.65,790.36
1779524574809,ask,0.66,732.11
1779524574809,ask,0.67,210
1779524574809,ask,0.7,628.57
1779524574809,ask,0.72,249
1779524574809,ask,0.73,449.99
1779524574809,ask,0.74,200
1779524574809,ask,0.75,2210
1779524574809,ask,0.76,1199.99
1779524574809,ask,0.77,200
1779524574809,ask,0.78,363
1779524574809,ask,0.79,1120
1779524574809,ask,0.8,2371
1779524574809,ask,0.81,3768.77
1779524574809,ask,0.82,6644.44
1779524574809,ask,0.84,2935.46
1779524574809,ask,0.85,7338.66
1779524574809,ask,0.86,2000
1779524574809,ask,0.87,7692.3
1779524574809,ask,0.88,800
1779524574809,ask,0.89,11642
1779524574809,ask,0.9,3121.27
1779524574809,ask,0.91,14451.68
1779524574809,ask,0.92,1092.48
1779524574809,ask,0.93,24100
1779524574809,ask,0.94,505
1779524574809,ask,0.95,750
1779524574809,ask,0.96,42387.5
1779524574809,ask,0.97,2255
1779524574809,ask,0.98,126811.88
1779524574809,ask,0.99,57545.74
1779524660715,bid,0.57,183.36
1779524660715,bid,0.56,210
1779524660715,bid,0.55,1200
1779524660715,bid,0.54,400
1779524660715,bid,0.52,719.15
1779524660715,bid,0.51,680
1779524660715,bid,0.5,1600
1779524660715,bid,0.48,776.92
1779524660715,bid,0.46,755.55
1779524660715,bid,0.45,443
1779524660715,bid,0.44,1200
1779524660715,bid,0.43,2185.59
1779524660715,bid,0.42,4133.06
1779524660715,bid,0.39,2000
1779524660715,bid,0.38,5373.16
1779524660715,bid,0.36,200
1779524660715,bid,0.33,50
1779524660715,bid,0.28,321
1779524660715,bid,0.27,1511
1779524660715,bid,0.26,2555
1779524660715,bid,0.25,400
1779524660715,bid,0.23,3878.26
1779524660715,bid,0.21,1000
1779524660715,bid,0.2,7500
1779524660715,bid,0.17,5882.35
1779524660715,bid,0.16,92
1779524660715,bid,0.15,2933
1779524660715,bid,0.14,8738.42
1779524660715,bid,0.12,12700.33
1779524660715,bid,0.1,450.98
1779524660715,bid,0.09,19255.55
1779524660715,bid,0.08,378.22
1779524660715,bid,0.07,6211.6
1779524660715,bid,0.06,27633.33
1779524660715,bid,0.04,10556
1779524660715,bid,0.03,67266.66
1779524660715,bid,0.02,8824
1779524660715,bid,0.01,4096
1779524660715,ask,0.58,277
1779524660715,ask,0.59,34.04
1779524660715,ask,0.6,1027.89
1779524660715,ask,0.61,213
1779524660715,ask,0.62,210
1779524660715,ask,0.63,1675.14
1779524660715,ask,0.64,921.25
1779524660715,ask,0.65,790.36
1779524660715,ask,0.66,732.11
1779524660715,ask,0.67,210
1779524660715,ask,0.7,628.57
1779524660715,ask,0.73,449.99
1779524660715,ask,0.74,875.67
1779524660715,ask,0.75,2210
1779524660715,ask,0.76,1199.99
1779524660715,ask,0.77,200
1779524660715,ask,0.78,772
1779524660715,ask,0.79,1120
1779524660715,ask,0.8,1121
1779524660715,ask,0.81,3768.77
1779524660715,ask,0.82,6644.44
1779524660715,ask,0.84,2935.46
1779524660715,ask,0.85,7338.66
1779524660715,ask,0.86,2000
1779524660715,ask,0.87,7692.3
1779524660715,ask,0.88,800
1779524660715,ask,0.89,11642
1779524660715,ask,0.9,3301.27
1779524660715,ask,0.91,14451.68
1779524660715,ask,0.92,1092.48
1779524660715,ask,0.93,24100
1779524660715,ask,0.94,505
1779524660715,ask,0.95,750
1779524660715,ask,0.96,42387.5
1779524660715,ask,0.97,2255
1779524660715,ask,0.98,110661.88
1779524660715,ask,0.99,57545.74
1779524784318,bid,0.57,593.36
1779524784318,bid,0.56,200
1779524784318,bid,0.55,2200
1779524784318,bid,0.54,200
1779524784318,bid,0.52,719.15
1779524784318,bid,0.51,680
1779524784318,bid,0.5,1600
1779524784318,bid,0.48,776.92
1779524784318,bid,0.46,755.55
1779524784318,bid,0.45,443
1779524784318,bid,0.44,1200
1779524784318,bid,0.43,2185.59
1779524784318,bid,0.42,4133.06
1779524784318,bid,0.39,2000
1779524784318,bid,0.38,5373.16
1779524784318,bid,0.36,200
1779524784318,bid,0.33,50
1779524784318,bid,0.31,286
1779524784318,bid,0.27,1555
1779524784318,bid,0.26,2555
1779524784318,bid,0.25,400
1779524784318,bid,0.23,3878.26
1779524784318,bid,0.21,1000
1779524784318,bid,0.2,7500
1779524784318,bid,0.17,5882.35
1779524784318,bid,0.16,92
1779524784318,bid,0.15,2933
1779524784318,bid,0.14,8738.42
1779524784318,bid,0.12,12700.33
1779524784318,bid,0.1,450.98
1779524784318,bid,0.09,19255.55
1779524784318,bid,0.08,378.22
1779524784318,bid,0.07,6211.6
1779524784318,bid,0.06,27633.33
1779524784318,bid,0.04,1056
1779524784318,bid,0.03,67266.66
1779524784318,bid,0.02,8824
1779524784318,bid,0.01,4096
1779524784318,ask,0.58,267
1779524784318,ask,0.59,44.04
1779524784318,ask,0.6,1027.89
1779524784318,ask,0.61,376.93
1779524784318,ask,0.62,210
1779524784318,ask,0.63,1675.14
1779524784318,ask,0.64,921.25
1779524784318,ask,0.65,790.36
1779524784318,ask,0.66,732.11
1779524784318,ask,0.67,210
1779524784318,ask,0.7,628.57
1779524784318,ask,0.73,449.99
1779524784318,ask,0.74,776
1779524784318,ask,0.75,2210
1779524784318,ask,0.76,1199.99
1779524784318,ask,0.77,200
1779524784318,ask,0.79,1120
1779524784318,ask,0.8,1121
1779524784318,ask,0.81,3768.77
1779524784318,ask,0.82,6644.44
1779524784318,ask,0.84,2935.46
1779524784318,ask,0.85,7338.66
1779524784318,ask,0.86,2000
1779524784318,ask,0.87,7692.3
1779524784318,ask,0.88,800
1779524784318,ask,0.89,11642
1779524784318,ask,0.9,3301.27
1779524784318,ask,0.91,14451.68
1779524784318,ask,0.92,1092.48
1779524784318,ask,0.93,24100
1779524784318,ask,0.94,505
1779524784318,ask,0.95,750
1779524784318,ask,0.96,42387.5
1779524784318,ask,0.97,2255
1779524784318,ask,0.98,127911.88
1779524784318,ask,0.99,57545.74
1779525100388,bid,0.57,577.08
1779525100388,bid,0.56,600
1779525100388,bid,0.55,1800
1779525100388,bid,0.54,200
1779525100388,bid,0.52,719.15
1779525100388,bid,0.51,680
1779525100388,bid,0.5,1600
1779525100388,bid,0.48,776.92
1779525100388,bid,0.46,755.55
1779525100388,bid,0.45,288
1779525100388,bid,0.44,1200
1779525100388,bid,0.43,2185.59
1779525100388,bid,0.42,4133.06
1779525100388,bid,0.4,200
1779525100388,bid,0.39,2000
1779525100388,bid,0.38,5373.16
1779525100388,bid,0.36,200
1779525100388,bid,0.33,50
1779525100388,bid,0.31,286
1779525100388,bid,0.27,1555
1779525100388,bid,0.26,3555
1779525100388,bid,0.25,400
1779525100388,bid,0.23,3878.26
1779525100388,bid,0.21,1000
1779525100388,bid,0.2,7500
1779525100388,bid,0.17,5882.35
1779525100388,bid,0.16,92
1779525100388,bid,0.14,8738.42
1779525100388,bid,0.12,12700.33
1779525100388,bid,0.1,450.98
1779525100388,bid,0.09,19255.55
1779525100388,bid,0.08,378.22
1779525100388,bid,0.07,6211.6
1779525100388,bid,0.06,27633.33
1779525100388,bid,0.04,10556
1779525100388,bid,0.03,67266.66
1779525100388,bid,0.02,8824
1779525100388,bid,0.01,4096
1779525100388,ask,0.58,225.05
1779525100388,ask,0.59,63.57
1779525100388,ask,0.6,497.89
1779525100388,ask,0.61,213
1779525100388,ask,0.62,210
1779525100388,ask,0.63,2123.64
1779525100388,ask,0.64,1121.25
1779525100388,ask,0.65,790.36
1779525100388,ask,0.66,454.54
1779525100388,ask,0.67,210
1779525100388,ask,0.69,200
1779525100388,ask,0.7,628.57
1779525100388,ask,0.72,391
1779525100388,ask,0.73,449.99
1779525100388,ask,0.74,1084
1779525100388,ask,0.75,2210
1779525100388,ask,0.76,999.99
1779525100388,ask,0.77,200
1779525100388,ask,0.78,409
1779525100388,ask,0.79,1120
1779525100388,ask,0.8,2371
1779525100388,ask,0.81,3768.77
1779525100388,ask,0.82,6644.44
1779525100388,ask,0.84,2935.46
1779525100388,ask,0.85,7338.66
1779525100388,ask,0.86,2000
1779525100388,ask,0.87,7692.3
1779525100388,ask,0.88,800
1779525100388,ask,0.89,11942
1779525100388,ask,0.9,3231.27
1779525100388,ask,0.91,14451.68
1779525100388,ask,0.92,1092.48
1779525100388,ask,0.93,24100
1779525100388,ask,0.94,505
1779525100388,ask,0.95,750
1779525100388,ask,0.96,42387.5
1779525100388,ask,0.97,2255
1779525100388,ask,0.98,127611.88
1779525100388,ask,0.99,57545.74
1779525210746,bid,0.57,577.08
1779525210746,bid,0.56,600
1779525210746,bid,0.55,1800
1779525210746,bid,0.54,200
1779525210746,bid,0.52,719.15
1779525210746,bid,0.51,680
1779525210746,bid,0.5,1600
1779525210746,bid,0.48,776.92
1779525210746,bid,0.46,755.55
1779525210746,bid,0.45,443
1779525210746,bid,0.44,1200
1779525210746,bid,0.43,2185.59
1779525210746,bid,0.42,4133.06
1779525210746,bid,0.4,200
1779525210746,bid,0.39,2000
1779525210746,bid,0.38,5373.16
1779525210746,bid,0.36,200
1779525210746,bid,0.33,50
1779525210746,bid,0.31,286
1779525210746,bid,0.28,321
1779525210746,bid,0.27,1555
1779525210746,bid,0.26,3555
1779525210746,bid,0.25,400
1779525210746,bid,0.23,3878.26
1779525210746,bid,0.21,1000
1779525210746,bid,0.2,7500
1779525210746,bid,0.17,5882.35
1779525210746,bid,0.16,92
1779525210746,bid,0.15,2933
1779525210746,bid,0.14,8738.42
1779525210746,bid,0.12,12700.33
1779525210746,bid,0.1,450.98
1779525210746,bid,0.09,19255.55
1779525210746,bid,0.08,378.22
1779525210746,bid,0.07,6211.6
1779525210746,bid,0.06,27633.33
1779525210746,bid,0.04,10556
1779525210746,bid,0.03,67266.66
1779525210746,bid,0.02,8824
1779525210746,bid,0.01,4096
1779525210746,ask,0.58,225.05
1779525210746,ask,0.59,63.57
1779525210746,ask,0.6,497.89
1779525210746,ask,0.61,213
1779525210746,ask,0.62,210
1779525210746,ask,0.63,2123.64
1779525210746,ask,0.64,1121.25
1779525210746,ask,0.65,790.36
1779525210746,ask,0.66,454.54
1779525210746,ask,0.67,210
1779525210746,ask,0.69,200
1779525210746,ask,0.7,628.57
1779525210746,ask,0.73,449.99
1779525210746,ask,0.74,1084
1779525210746,ask,0.75,2210
1779525210746,ask,0.76,999.99
1779525210746,ask,0.77,200
1779525210746,ask,0.78,363
1779525210746,ask,0.79,1120
1779525210746,ask,0.8,2371
1779525210746,ask,0.81,3768.77
1779525210746,ask,0.82,6644.44
1779525210746,ask,0.84,2935.46
1779525210746,ask,0.85,7338.66
1779525210746,ask,0.86,2000
1779525210746,ask,0.87,7692.3
1779525210746,ask,0.88,800
1779525210746,ask,0.89,11942
1779525210746,ask,0.9,3211.27
1779525210746,ask,0.91,14451.68
1779525210746,ask,0.92,1092.48
1779525210746,ask,0.93,24100
1779525210746,ask,0.94,505
1779525210746,ask,0.95,750
1779525210746,ask,0.96,42387.5
1779525210746,ask,0.97,2255
1779525210746,ask,0.98,127461.88
1779525210746,ask,0.99,57545.74
1779525340925,bid,0.57,607.08
1779525340925,bid,0.56,600
1779525340925,bid,0.55,2097.7
1779525340925,bid,0.54,200
1779525340925,bid,0.52,719.15
1779525340925,bid,0.51,278
1779525340925,bid,0.5,1600
1779525340925,bid,0.48,776.92
1779525340925,bid,0.46,755.55
1779525340925,bid,0.45,443
1779525340925,bid,0.44,1200
1779525340925,bid,0.43,162
1779525340925,bid,0.42,3271
1779525340925,bid,0.39,205
1779525340925,bid,0.38,5373.16
1779525340925,bid,0.36,200
1779525340925,bid,0.33,50
1779525340925,bid,0.31,286
1779525340925,bid,0.28,321
1779525340925,bid,0.27,1555
1779525340925,bid,0.26,3555
1779525340925,bid,0.25,400
1779525340925,bid,0.23,3878.26
1779525340925,bid,0.21,1000
1779525340925,bid,0.2,7500
1779525340925,bid,0.17,5882.35
1779525340925,bid,0.16,92
1779525340925,bid,0.15,2933
1779525340925,bid,0.14,8738.42
1779525340925,bid,0.12,12700.33
1779525340925,bid,0.1,450.98
1779525340925,bid,0.09,19255.55
1779525340925,bid,0.08,378.22
1779525340925,bid,0.07,5428
1779525340925,bid,0.06,27633.33
1779525340925,bid,0.04,1056
1779525340925,bid,0.03,67266.66
1779525340925,bid,0.02,8824
1779525340925,bid,0.01,4096
1779525340925,ask,0.58,225.05
1779525340925,ask,0.59,93.57
1779525340925,ask,0.6,497.89
1779525340925,ask,0.61,413
1779525340925,ask,0.62,19.53
1779525340925,ask,0.63,2123.64
1779525340925,ask,0.64,1121.25
1779525340925,ask,0.65,790.36
1779525340925,ask,0.66,454.54
1779525340925,ask,0.67,210
1779525340925,ask,0.69,200
1779525340925,ask,0.7,200
1779525340925,ask,0.73,449.99
1779525340925,ask,0.74,353
1779525340925,ask,0.75,2210
1779525340925,ask,0.76,999.99
1779525340925,ask,0.77,200
1779525340925,ask,0.79,1120
1779525340925,ask,0.8,2371
1779525340925,ask,0.81,3768.77
1779525340925,ask,0.82,6644.44
1779525340925,ask,0.84,2935.46
1779525340925,ask,0.85,7338.66
1779525340925,ask,0.86,2000
1779525340925,ask,0.87,7692.3
1779525340925,ask,0.88,800
1779525340925,ask,0.89,11942
1779525340925,ask,0.9,2341.27
1779525340925,ask,0.91,14451.68
1779525340925,ask,0.92,1092.48
1779525340925,ask,0.93,24100
1779525340925,ask,0.94,505
1779525340925,ask,0.95,750
1779525340925,ask,0.96,42387.5
1779525340925,ask,0.97,2255
1779525340925,ask,0.98,122111.88
1779525340925,ask,0.99,57545.74
1779525452007,bid,0.57,607.08
1779525452007,bid,0.56,600
1779525452007,bid,0.55,2097.7
1779525452007,bid,0.54,200
1779525452007,bid,0.52,719.15
1779525452007,bid,0.51,278
1779525452007,bid,0.5,1600
1779525452007,bid,0.48,776.92
1779525452007,bid,0.46,755.55
1779525452007,bid,0.45,443
1779525452007,bid,0.44,1200
1779525452007,bid,0.42,3271
1779525452007,bid,0.38,5373.16
1779525452007,bid,0.36,200
1779525452007,bid,0.33,50
1779525452007,bid,0.31,286
1779525452007,bid,0.28,321
1779525452007,bid,0.27,1555
1779525452007,bid,0.26,3555
1779525452007,bid,0.25,400
1779525452007,bid,0.23,3878.26
1779525452007,bid,0.21,1000
1779525452007,bid,0.2,7500
1779525452007,bid,0.17,5882.35
1779525452007,bid,0.16,92
1779525452007,bid,0.14,8738.42
1779525452007,bid,0.12,12700.33
1779525452007,bid,0.1,450.98
1779525452007,bid,0.09,19255.55
1779525452007,bid,0.08,378.22
1779525452007,bid,0.07,5428
1779525452007,bid,0.06,27633.33
1779525452007,bid,0.04,1056
1779525452007,bid,0.03,67266.66
1779525452007,bid,0.02,8824
1779525452007,bid,0.01,4096
1779525452007,ask,0.58,225.05
1779525452007,ask,0.59,93.57
1779525452007,ask,0.6,1097.89
1779525452007,ask,0.61,1013
1779525452007,ask,0.62,19.53
1779525452007,ask,0.63,2123.64
1779525452007,ask,0.64,1121.25
1779525452007,ask,0.65,790.36
1779525452007,ask,0.66,454.54
1779525452007,ask,0.67,210
1779525452007,ask,0.69,200
1779525452007,ask,0.7,200
1779525452007,ask,0.73,449.99
1779525452007,ask,0.74,353
1779525452007,ask,0.75,2210
1779525452007,ask,0.76,999.99
1779525452007,ask,0.77,200
1779525452007,ask,0.79,1120
1779525452007,ask,0.8,2371
1779525452007,ask,0.81,3768.77
1779525452007,ask,0.82,6644.44
1779525452007,ask,0.84,2935.46
1779525452007,ask,0.85,7338.66
1779525452007,ask,0.86,2000
1779525452007,ask,0.87,7692.3
1779525452007,ask,0.88,800
1779525452007,ask,0.89,11942
1779525452007,ask,0.9,3051.27
1779525452007,ask,0.91,14451.68
1779525452007,ask,0.92,1092.48
1779525452007,ask,0.93,24100
1779525452007,ask,0.94,505
1779525452007,ask,0.95,750
1779525452007,ask,0.96,42387.5
1779525452007,ask,0.97,2255
1779525452007,ask,0.98,110661.88
1779525452007,ask,0.99,57545.74
1779525761809,bid,0.57,7.08
1779525761809,bid,0.56,205
1779525761809,bid,0.55,1939.99
1779525761809,bid,0.54,849.99
1779525761809,bid,0.52,719.15
1779525761809,bid,0.51,608.16
1779525761809,bid,0.5,1200
1779525761809,bid,0.48,776.92
1779525761809,bid,0.46,438
1779525761809,bid,0.45,745.45
1779525761809,bid,0.44,1200
1779525761809,bid,0.43,2185.59
1779525761809,bid,0.42,3271
1779525761809,bid,0.39,2794.42
1779525761809,bid,0.38,6986.06
1779525761809,bid,0.36,200
1779525761809,bid,0.33,50
1779525761809,bid,0.28,321
1779525761809,bid,0.27,1555
1779525761809,bid,0.26,2555
1779525761809,bid,0.25,400
1779525761809,bid,0.23,3878.26
1779525761809,bid,0.21,1000
1779525761809,bid,0.2,7500
1779525761809,bid,0.17,5882.35
1779525761809,bid,0.16,92
1779525761809,bid,0.15,2933
1779525761809,bid,0.14,8738.42
1779525761809,bid,0.12,12700.33
1779525761809,bid,0.1,450.98
1779525761809,bid,0.09,19255.55
1779525761809,bid,0.08,378.22
1779525761809,bid,0.07,5428
1779525761809,bid,0.06,27633.33
1779525761809,bid,0.04,6473.17
1779525761809,bid,0.03,67266.66
1779525761809,bid,0.02,8824
1779525761809,bid,0.01,4096
1779525761809,ask,0.58,440.04
1779525761809,ask,0.59,83.57
1779525761809,ask,0.6,1217.89
1779525761809,ask,0.61,1013
1779525761809,ask,0.62,1012.16
1779525761809,ask,0.63,1675.14
1779525761809,ask,0.64,808.75
1779525761809,ask,0.65,328.83
1779525761809,ask,0.67,210
1779525761809,ask,0.69,200
1779525761809,ask,0.7,200
1779525761809,ask,0.73,1134.92
1779525761809,ask,0.74,353
1779525761809,ask,0.75,2210
1779525761809,ask,0.76,999.99
1779525761809,ask,0.77,200
1779525761809,ask,0.78,409
1779525761809,ask,0.79,2385.82
1779525761809,ask,0.8,2371
1779525761809,ask,0.81,3768.77
1779525761809,ask,0.82,6644.44
1779525761809,ask,0.85,7338.66
1779525761809,ask,0.86,2000
1779525761809,ask,0.87,7692.3
1779525761809,ask,0.88,800
1779525761809,ask,0.89,11942
1779525761809,ask,0.9,411.27
1779525761809,ask,0.91,14451.68
1779525761809,ask,0.92,2356.25
1779525761809,ask,0.93,24100
1779525761809,ask,0.94,505
1779525761809,ask,0.95,750
1779525761809,ask,0.96,42387.5
1779525761809,ask,0.97,5194.46
1779525761809,ask,0.98,130761.88
1779525761809,ask,0.99,57545.74
1779525923308,bid,0.56,205
1779525923308,bid,0.55,1600
1779525923308,bid,0.54,1249.99
1779525923308,bid,0.52,719.15
1779525923308,bid,0.51,608.16
1779525923308,bid,0.5,1200
1779525923308,bid,0.48,776.92
1779525923308,bid,0.46,438
1779525923308,bid,0.45,745.45
1779525923308,bid,0.44,1200
1779525923308,bid,0.43,2185.59
1779525923308,bid,0.42,3271
1779525923308,bid,0.4,200
1779525923308,bid,0.39,2794.42
1779525923308,bid,0.38,6986.06
1779525923308,bid,0.36,200
1779525923308,bid,0.33,50
1779525923308,bid,0.27,333
1779525923308,bid,0.26,2555
1779525923308,bid,0.25,400
1779525923308,bid,0.24,1750
1779525923308,bid,0.23,3878.26
1779525923308,bid,0.21,1000
1779525923308,bid,0.2,7500
1779525923308,bid,0.17,5882.35
1779525923308,bid,0.16,92
1779525923308,bid,0.15,2933
1779525923308,bid,0.14,8738.42
1779525923308,bid,0.12,12700.33
1779525923308,bid,0.1,450.98
1779525923308,bid,0.09,19255.55
1779525923308,bid,0.08,378.22
1779525923308,bid,0.06,27633.33
1779525923308,bid,0.05,8400
1779525923308,bid,0.04,5673.17
1779525923308,bid,0.03,67266.66
1779525923308,bid,0.02,8824
1779525923308,bid,0.01,4096
1779525923308,ask,0.57,8
1779525923308,ask,0.58,840.04
1779525923308,ask,0.59,65.1
1779525923308,ask,0.6,1230.89
1779525923308,ask,0.61,813
1779525923308,ask,0.62,992.63
1779525923308,ask,0.63,1675.14
1779525923308,ask,0.64,808.75
1779525923308,ask,0.65,328.83
1779525923308,ask,0.67,210
1779525923308,ask,0.69,200
1779525923308,ask,0.7,200
1779525923308,ask,0.73,1134.92
1779525923308,ask,0.74,469
1779525923308,ask,0.75,2210
1779525923308,ask,0.76,999.99
1779525923308,ask,0.77,200
1779525923308,ask,0.79,2385.82
1779525923308,ask,0.8,2371
1779525923308,ask,0.81,3768.77
1779525923308,ask,0.82,6644.44
1779525923308,ask,0.85,7338.66
1779525923308,ask,0.86,2000
1779525923308,ask,0.87,7692.3
1779525923308,ask,0.88,800
1779525923308,ask,0.89,11942
1779525923308,ask,0.9,3931.27
1779525923308,ask,0.91,14451.68
1779525923308,ask,0.92,2356.25
1779525923308,ask,0.93,24100
1779525923308,ask,0.94,505
1779525923308,ask,0.95,750
1779525923308,ask,0.96,42387.5
1779525923308,ask,0.97,5194.46
1779525923308,ask,0.98,130161.88
1779525923308,ask,0.99,57545.74
1779526025540,bid,0.56,233
1779526025540,bid,0.55,1600
1779526025540,bid,0.54,1249.99
1779526025540,bid,0.52,719.15
1779526025540,bid,0.51,608.16
1779526025540,bid,0.5,1200
1779526025540,bid,0.48,776.92
1779526025540,bid,0.46,438
1779526025540,bid,0.45,745.45
1779526025540,bid,0.44,1200
1779526025540,bid,0.43,2185.59
1779526025540,bid,0.42,3271
1779526025540,bid,0.39,2794.42
1779526025540,bid,0.38,6986.06
1779526025540,bid,0.36,200
1779526025540,bid,0.33,50
1779526025540,bid,0.27,333
1779526025540,bid,0.26,2555
1779526025540,bid,0.25,400
1779526025540,bid,0.24,1750
1779526025540,bid,0.23,3878.26
1779526025540,bid,0.21,1000
1779526025540,bid,0.2,7500
1779526025540,bid,0.17,5882.35
1779526025540,bid,0.16,92
1779526025540,bid,0.15,2933
1779526025540,bid,0.14,8738.42
1779526025540,bid,0.12,12700.33
1779526025540,bid,0.1,450.98
1779526025540,bid,0.09,19255.55
1779526025540,bid,0.08,378.22
1779526025540,bid,0.06,27633.33
1779526025540,bid,0.05,8400
1779526025540,bid,0.04,5673.17
1779526025540,bid,0.03,67266.66
1779526025540,bid,0.02,8824
1779526025540,bid,0.01,4096
1779526025540,ask,0.57,8
1779526025540,ask,0.58,840.04
1779526025540,ask,0.59,295.1
1779526025540,ask,0.6,1030.89
1779526025540,ask,0.61,813
1779526025540,ask,0.62,992.63
1779526025540,ask,0.63,1675.14
1779526025540,ask,0.64,808.75
1779526025540,ask,0.65,328.83
1779526025540,ask,0.67,210
1779526025540,ask,0.69,200
1779526025540,ask,0.7,200
1779526025540,ask,0.73,1134.92
1779526025540,ask,0.74,469
1779526025540,ask,0.75,2210
1779526025540,ask,0.76,999.99
1779526025540,ask,0.77,200
1779526025540,ask,0.79,2385.82
1779526025540,ask,0.8,2371
1779526025540,ask,0.81,3768.77
1779526025540,ask,0.82,6644.44
1779526025540,ask,0.85,7338.66
1779526025540,ask,0.86,2000
1779526025540,ask,0.87,7692.3
1779526025540,ask,0.88,800
1779526025540,ask,0.89,11942
1779526025540,ask,0.9,3961.27
1779526025540,ask,0.91,14451.68
1779526025540,ask,0.92,2356.25
1779526025540,ask,0.93,24100
1779526025540,ask,0.94,505
1779526025540,ask,0.95,750
1779526025540,ask,0.96,42387.5
1779526025540,ask,0.97,5194.46
1779526025540,ask,0.98,130161.88
1779526025540,ask,0.99,57545.74
1779526374001,bid,0.56,235
1779526374001,bid,0.55,1600
1779526374001,bid,0.54,1249.99
1779526374001,bid,0.52,719.15
1779526374001,bid,0.51,608.16
1779526374001,bid,0.5,1200
1779526374001,bid,0.48,776.92
1779526374001,bid,0.46,438
1779526374001,bid,0.45,745.45
1779526374001,bid,0.44,1200
1779526374001,bid,0.43,2185.59
1779526374001,bid,0.42,3271
1779526374001,bid,0.39,2794.42
1779526374001,bid,0.38,6986.06
1779526374001,bid,0.36,200
1779526374001,bid,0.33,50
1779526374001,bid,0.27,333
1779526374001,bid,0.26,2555
1779526374001,bid,0.25,400
1779526374001,bid,0.24,1750
1779526374001,bid,0.23,3878.26
1779526374001,bid,0.21,1000
1779526374001,bid,0.2,7500
1779526374001,bid,0.17,5882.35
1779526374001,bid,0.16,92
1779526374001,bid,0.15,2933
1779526374001,bid,0.14,8738.42
1779526374001,bid,0.12,12700.33
1779526374001,bid,0.1,450.98
1779526374001,bid,0.09,19255.55
1779526374001,bid,0.08,378.22
1779526374001,bid,0.06,27633.33
1779526374001,bid,0.05,800
1779526374001,bid,0.04,5673.17
1779526374001,bid,0.03,67266.66
1779526374001,bid,0.02,8824
1779526374001,bid,0.01,4096
1779526374001,ask,0.57,8
1779526374001,ask,0.58,870.04
1779526374001,ask,0.59,597.1
1779526374001,ask,0.6,1030.89
1779526374001,ask,0.61,800
1779526374001,ask,0.62,992.63
1779526374001,ask,0.63,1675.14
1779526374001,ask,0.64,340
1779526374001,ask,0.65,328.83
1779526374001,ask,0.67,210
1779526374001,ask,0.69,924.63
1779526374001,ask,0.7,200
1779526374001,ask,0.73,1134.92
1779526374001,ask,0.74,353
1779526374001,ask,0.75,2210
1779526374001,ask,0.76,999.99
1779526374001,ask,0.77,200
1779526374001,ask,0.78,409
1779526374001,ask,0.79,2385.82
1779526374001,ask,0.8,2371
1779526374001,ask,0.81,3768.77
1779526374001,ask,0.82,6644.44
1779526374001,ask,0.85,7338.66
1779526374001,ask,0.86,2000
1779526374001,ask,0.87,7692.3
1779526374001,ask,0.88,800
1779526374001,ask,0.89,11942
1779526374001,ask,0.9,4101.27
1779526374001,ask,0.91,14451.68
1779526374001,ask,0.92,2356.25
1779526374001,ask,0.93,24100
1779526374001,ask,0.94,505
1779526374001,ask,0.95,750
1779526374001,ask,0.96,42387.5
1779526374001,ask,0.97,5194.46
1779526374001,ask,0.98,110661.88
1779526374001,ask,0.99,57545.74
1779526489426,bid,0.56,228.18
1779526489426,bid,0.55,1200
1779526489426,bid,0.54,1849.99
1779526489426,bid,0.52,719.15
1779526489426,bid,0.51,608.16
1779526489426,bid,0.5,1200
1779526489426,bid,0.48,776.92
1779526489426,bid,0.46,286
1779526489426,bid,0.45,745.45
1779526489426,bid,0.44,1200
1779526489426,bid,0.43,2185.59
1779526489426,bid,0.42,3271
1779526489426,bid,0.4,200
1779526489426,bid,0.39,2794.42
1779526489426,bid,0.38,6986.06
1779526489426,bid,0.36,200
1779526489426,bid,0.33,50
1779526489426,bid,0.27,333
1779526489426,bid,0.26,2555
1779526489426,bid,0.25,400
1779526489426,bid,0.24,1750
1779526489426,bid,0.23,3878.26
1779526489426,bid,0.21,1000
1779526489426,bid,0.2,7500
1779526489426,bid,0.17,5882.35
1779526489426,bid,0.16,92
1779526489426,bid,0.15,2933
1779526489426,bid,0.14,8738.42
1779526489426,bid,0.12,12700.33
1779526489426,bid,0.1,450.98
1779526489426,bid,0.09,19255.55
1779526489426,bid,0.08,378.22
1779526489426,bid,0.06,27633.33
1779526489426,bid,0.05,8400
1779526489426,bid,0.04,5673.17
1779526489426,bid,0.03,67266.66
1779526489426,bid,0.02,8824
1779526489426,bid,0.01,4096
1779526489426,ask,0.57,14.81
1779526489426,ask,0.58,915.61
1779526489426,ask,0.59,551.53
1779526489426,ask,0.6,1030.89
1779526489426,ask,0.61,800
1779526489426,ask,0.62,992.63
1779526489426,ask,0.63,1675.14
1779526489426,ask,0.64,340
1779526489426,ask,0.65,328.83
1779526489426,ask,0.67,210
1779526489426,ask,0.69,924.63
1779526489426,ask,0.7,200
1779526489426,ask,0.73,1134.92
1779526489426,ask,0.74,469
1779526489426,ask,0.75,2210
1779526489426,ask,0.76,999.99
1779526489426,ask,0.77,200
1779526489426,ask,0.78,409
1779526489426,ask,0.79,2385.82
1779526489426,ask,0.8,2371
1779526489426,ask,0.81,3768.77
1779526489426,ask,0.82,6644.44
1779526489426,ask,0.85,7338.66
1779526489426,ask,0.86,2000
1779526489426,ask,0.87,7692.3
1779526489426,ask,0.88,800
1779526489426,ask,0.89,11942
1779526489426,ask,0.9,411.27
1779526489426,ask,0.91,14451.68
1779526489426,ask,0.92,2356.25
1779526489426,ask,0.93,24100
1779526489426,ask,0.94,505
1779526489426,ask,0.95,750
1779526489426,ask,0.96,42387.5
1779526489426,ask,0.97,18760.46
1779526489426,ask,0.98,110661.88
1779526489426,ask,0.99,57545.74
1779526611160,bid,0.56,235
1779526611160,bid,0.55,1200
1779526611160,bid,0.54,1849.99
1779526611160,bid,0.52,719.15
1779526611160,bid,0.51,608.16
1779526611160,bid,0.5,1200
1779526611160,bid,0.48,776.92
1779526611160,bid,0.46,438
1779526611160,bid,0.45,745.45
1779526611160,bid,0.44,1200
1779526611160,bid,0.43,2185.59
1779526611160,bid,0.42,3271
1779526611160,bid,0.4,200
1779526611160,bid,0.39,2794.42
1779526611160,bid,0.38,6986.06
1779526611160,bid,0.36,200
1779526611160,bid,0.33,50
1779526611160,bid,0.26,2555
1779526611160,bid,0.25,400
1779526611160,bid,0.24,1750
1779526611160,bid,0.23,3878.26
1779526611160,bid,0.21,1000
1779526611160,bid,0.2,7500
1779526611160,bid,0.17,5882.35
1779526611160,bid,0.16,92
1779526611160,bid,0.14,8738.42
1779526611160,bid,0.12,12700.33
1779526611160,bid,0.1,930.98
1779526611160,bid,0.09,19255.55
1779526611160,bid,0.08,378.22
1779526611160,bid,0.06,27633.33
1779526611160,bid,0.05,8400
1779526611160,bid,0.04,5673.17
1779526611160,bid,0.03,67266.66
1779526611160,bid,0.02,8824
1779526611160,bid,0.01,4096
1779526611160,ask,0.57,14.81
1779526611160,ask,0.58,915.61
1779526611160,ask,0.59,551.53
1779526611160,ask,0.6,1030.89
1779526611160,ask,0.61,800
1779526611160,ask,0.62,992.63
1779526611160,ask,0.63,1675.14
1779526611160,ask,0.64,340
1779526611160,ask,0.65,328.83
1779526611160,ask,0.67,210
1779526611160,ask,0.69,924.63
1779526611160,ask,0.7,200
1779526611160,ask,0.73,1134.92
1779526611160,ask,0.74,353
1779526611160,ask,0.75,2210
1779526611160,ask,0.76,999.99
1779526611160,ask,0.77,200
1779526611160,ask,0.78,409
1779526611160,ask,0.79,2385.82
1779526611160,ask,0.8,2371
1779526611160,ask,0.81,3768.77
1779526611160,ask,0.82,6644.44
1779526611160,ask,0.85,7338.66
1779526611160,ask,0.86,2000
1779526611160,ask,0.87,7692.3
1779526611160,ask,0.88,800
1779526611160,ask,0.89,11942
1779526611160,ask,0.9,4111.27
1779526611160,ask,0.91,14451.68
1779526611160,ask,0.92,2356.25
1779526611160,ask,0.93,24100
1779526611160,ask,0.94,505
1779526611160,ask,0.95,750
1779526611160,ask,0.96,42387.5
1779526611160,ask,0.97,18694.46
1779526611160,ask,0.98,110661.88
1779526611160,ask,0.99,57545.74
1779526697509,bid,0.56,235
1779526697509,bid,0.55,1200
1779526697509,bid,0.54,1849.99
1779526697509,bid,0.52,719.15
1779526697509,bid,0.51,608.16
1779526697509,bid,0.5,1200
1779526697509,bid,0.48,776.92
1779526697509,bid,0.46,352
1779526697509,bid,0.45,745.45
1779526697509,bid,0.44,1200
1779526697509,bid,0.43,2185.59
1779526697509,bid,0.42,3271
1779526697509,bid,0.4,200
1779526697509,bid,0.39,2794.42
1779526697509,bid,0.38,6986.06
1779526697509,bid,0.36,200
1779526697509,bid,0.33,50
1779526697509,bid,0.27,333
1779526697509,bid,0.26,2555
1779526697509,bid,0.25,400
1779526697509,bid,0.24,1750
1779526697509,bid,0.23,3878.26
1779526697509,bid,0.21,1000
1779526697509,bid,0.2,7500
1779526697509,bid,0.17,5882.35
1779526697509,bid,0.16,92
1779526697509,bid,0.15,2933
1779526697509,bid,0.14,8738.42
1779526697509,bid,0.12,12700.33
1779526697509,bid,0.1,450.98
1779526697509,bid,0.09,19255.55
1779526697509,bid,0.08,378.22
1779526697509,bid,0.06,27633.33
1779526697509,bid,0.05,8400
1779526697509,bid,0.04,5673.17
1779526697509,bid,0.03,67266.66
1779526697509,bid,0.02,8824
1779526697509,bid,0.01,4096
1779526697509,ask,0.57,14.81
1779526697509,ask,0.58,915.61
1779526697509,ask,0.59,551.53
1779526697509,ask,0.6,1030.89
1779526697509,ask,0.61,800
1779526697509,ask,0.62,992.63
1779526697509,ask,0.63,1675.14
1779526697509,ask,0.64,340
1779526697509,ask,0.65,328.83
1779526697509,ask,0.67,210
1779526697509,ask,0.69,924.63
1779526697509,ask,0.7,200
1779526697509,ask,0.73,1134.92
1779526697509,ask,0.74,660
1779526697509,ask,0.75,2210
1779526697509,ask,0.76,999.99
1779526697509,ask,0.77,200
1779526697509,ask,0.78,409
1779526697509,ask,0.79,2385.82
1779526697509,ask,0.8,2371
1779526697509,ask,0.81,3768.77
1779526697509,ask,0.82,6644.44
1779526697509,ask,0.85,7338.66
1779526697509,ask,0.86,2000
1779526697509,ask,0.87,7692.3
1779526697509,ask,0.88,800
1779526697509,ask,0.89,11942
1779526697509,ask,0.9,3891.27
1779526697509,ask,0.91,14451.68
1779526697509,ask,0.92,2356.25
1779526697509,ask,0.93,24100
1779526697509,ask,0.94,505
1779526697509,ask,0.95,750
1779526697509,ask,0.96,42387.5
1779526697509,ask,0.97,18760.46
1779526697509,ask,0.98,110661.88
1779526697509,ask,0.99,57545.74
1779527008154,bid,0.56,205
1779527008154,bid,0.55,1200
1779527008154,bid,0.54,1849.99
1779527008154,bid,0.52,719.15
1779527008154,bid,0.51,608.16
1779527008154,bid,0.5,1200
1779527008154,bid,0.48,776.92
1779527008154,bid,0.46,286
1779527008154,bid,0.45,745.45
1779527008154,bid,0.44,1200
1779527008154,bid,0.43,2185.59
1779527008154,bid,0.42,3271
1779527008154,bid,0.4,200
1779527008154,bid,0.39,2794.42
1779527008154,bid,0.38,6986.06
1779527008154,bid,0.36,200
1779527008154,bid,0.33,50
1779527008154,bid,0.27,333
1779527008154,bid,0.26,2555
1779527008154,bid,0.25,400
1779527008154,bid,0.24,1750
1779527008154,bid,0.23,3878.26
1779527008154,bid,0.21,1000
1779527008154,bid,0.2,7500
1779527008154,bid,0.17,5882.35
1779527008154,bid,0.16,92
1779527008154,bid,0.15,2933
1779527008154,bid,0.14,8738.42
1779527008154,bid,0.12,12700.33
1779527008154,bid,0.1,450.98
1779527008154,bid,0.09,19255.55
1779527008154,bid,0.08,378.22
1779527008154,bid,0.06,27633.33
1779527008154,bid,0.05,8400
1779527008154,bid,0.04,5673.17
1779527008154,bid,0.03,67266.66
1779527008154,bid,0.02,8824
1779527008154,bid,0.01,4096
1779527008154,ask,0.57,6.81
1779527008154,ask,0.58,893.61
1779527008154,ask,0.59,551.53
1779527008154,ask,0.6,1017.89
1779527008154,ask,0.61,800
1779527008154,ask,0.62,992.63
1779527008154,ask,0.63,1675.14
1779527008154,ask,0.64,340
1779527008154,ask,0.65,328.83
1779527008154,ask,0.67,210
1779527008154,ask,0.69,924.63
1779527008154,ask,0.7,200
1779527008154,ask,0.73,1134.92
1779527008154,ask,0.74,469
1779527008154,ask,0.75,2210
1779527008154,ask,0.76,999.99
