snapshot_ts_ms,side,price,size
1779515553468,bid,0.78,1609.87
1779515553468,bid,0.77,2766.7
1779515553468,bid,0.76,1172.99
1779515553468,bid,0.73,1608
1779515553468,bid,0.71,221.99
1779515553468,bid,0.7,298.71
1779515553468,bid,0.69,100
1779515553468,bid,0.68,499.98
1779515553468,bid,0.66,376.89
1779515553468,bid,0.65,3200
1779515553468,bid,0.64,2388.88
1779515553468,bid,0.63,377
1779515553468,bid,0.62,486.14
1779515553468,bid,0.61,2189.97
1779515553468,bid,0.6,1656.66
1779515553468,bid,0.59,3000
1779515553468,bid,0.58,200
1779515553468,bid,0.57,400
1779515553468,bid,0.56,1235.29
1779515553468,bid,0.55,204.27
1779515553468,bid,0.54,1800
1779515553468,bid,0.51,1992.3
1779515553468,bid,0.5,324.26
1779515553468,bid,0.49,5.58
1779515553468,bid,0.48,1973.07
1779515553468,bid,0.47,300
1779515553468,bid,0.44,300
1779515553468,bid,0.4,40
1779515553468,bid,0.39,700
1779515553468,bid,0.38,200
1779515553468,bid,0.37,600
1779515553468,bid,0.35,3800
1779515553468,bid,0.33,2439.39
1779515553468,bid,0.32,74.8
1779515553468,bid,0.31,322
1779515553468,bid,0.29,4248.27
1779515553468,bid,0.28,27.44
1779515553468,bid,0.26,1499
1779515553468,bid,0.25,4000
1779515553468,bid,0.23,448.37
1779515553468,bid,0.21,6295.09
1779515553468,bid,0.2,555
1779515553468,bid,0.19,157.89
1779515553468,bid,0.18,2518.21
1779515553468,bid,0.17,9147.05
1779515553468,bid,0.15,605
1779515553468,bid,0.13,1898.25
1779515553468,bid,0.12,13933.66
1779515553468,bid,0.1,1500
1779515553468,bid,0.09,8800
1779515553468,bid,0.08,22500
1779515553468,bid,0.05,2100
1779515553468,bid,0.04,56512.5
1779515553468,bid,0.02,8505
1779515553468,bid,0.01,3108.88
1779515553468,ask,0.79,1427.2
1779515553468,ask,0.8,3485.31
1779515553468,ask,0.81,7958.57
1779515553468,ask,0.82,4789.49
1779515553468,ask,0.83,8411.79
1779515553468,ask,0.84,20681.45
1779515553468,ask,0.85,18228.59
1779515553468,ask,0.86,21665.71
1779515553468,ask,0.87,3650
1779515553468,ask,0.88,5200
1779515553468,ask,0.89,16991.98
1779515553468,ask,0.9,7332.22
1779515553468,ask,0.91,48548.36
1779515553468,ask,0.92,900
1779515553468,ask,0.93,1661
1779515553468,ask,0.94,1450
1779515553468,ask,0.95,2675
1779515553468,ask,0.96,2543.75
1779515553468,ask,0.97,3647.5
1779515553468,ask,0.98,8780.41
1779515553468,ask,0.99,31195.81
1779515700948,bid,0.78,1587.14
1779515700948,bid,0.77,2766.3
1779515700948,bid,0.76,6772.99
1779515700948,bid,0.73,1608
1779515700948,bid,0.71,221.99
1779515700948,bid,0.7,298.71
1779515700948,bid,0.69,100
1779515700948,bid,0.68,499.98
1779515700948,bid,0.66,376.89
1779515700948,bid,0.65,3000
1779515700948,bid,0.64,2388.88
1779515700948,bid,0.63,251
1779515700948,bid,0.62,486.14
1779515700948,bid,0.61,2189.97
1779515700948,bid,0.6,406.66
1779515700948,bid,0.59,3000
1779515700948,bid,0.58,200
1779515700948,bid,0.57,357
1779515700948,bid,0.56,2485.29
1779515700948,bid,0.55,41.27
1779515700948,bid,0.54,1800
1779515700948,bid,0.51,1992.3
1779515700948,bid,0.5,324.26
1779515700948,bid,0.49,5.58
1779515700948,bid,0.48,1973.07
1779515700948,bid,0.47,300
1779515700948,bid,0.44,300
1779515700948,bid,0.4,240
1779515700948,bid,0.39,700
1779515700948,bid,0.38,200
1779515700948,bid,0.37,600
1779515700948,bid,0.36,1222
1779515700948,bid,0.35,3600
1779515700948,bid,0.33,2439.39
1779515700948,bid,0.32,74.8
1779515700948,bid,0.31,322
1779515700948,bid,0.29,4248.27
1779515700948,bid,0.28,27.44
1779515700948,bid,0.26,38
1779515700948,bid,0.25,4000
1779515700948,bid,0.23,448.37
1779515700948,bid,0.21,6295.09
1779515700948,bid,0.2,555
1779515700948,bid,0.19,157.89
1779515700948,bid,0.18,2518.21
1779515700948,bid,0.17,9147.05
1779515700948,bid,0.15,605
1779515700948,bid,0.13,1898.25
1779515700948,bid,0.12,13933.66
1779515700948,bid,0.1,1500
1779515700948,bid,0.09,8800
1779515700948,bid,0.08,22500
1779515700948,bid,0.05,2100
1779515700948,bid,0.04,56512.5
1779515700948,bid,0.02,8505
1779515700948,bid,0.01,3108.88
1779515700948,ask,0.79,1927.2
1779515700948,ask,0.8,3483.29
1779515700948,ask,0.81,10118.56
1779515700948,ask,0.82,14962.5
1779515700948,ask,0.83,8411.79
1779515700948,ask,0.84,20681.45
1779515700948,ask,0.85,18228.59
1779515700948,ask,0.86,21665.71
1779515700948,ask,0.87,3650
1779515700948,ask,0.88,5200
1779515700948,ask,0.89,14355.98
1779515700948,ask,0.9,7332.22
1779515700948,ask,0.91,48548.36
1779515700948,ask,0.92,900
1779515700948,ask,0.93,1661
1779515700948,ask,0.94,2783
1779515700948,ask,0.95,2675
1779515700948,ask,0.96,2543.75
1779515700948,ask,0.97,3647.5
1779515700948,ask,0.98,8780.41
1779515700948,ask,0.99,31195.81
1779515850665,bid,0.78,2987.14
1779515850665,bid,0.77,3967.43
1779515850665,bid,0.76,6772.99
1779515850665,bid,0.73,1608
1779515850665,bid,0.71,21.99
1779515850665,bid,0.7,298.71
1779515850665,bid,0.69,100
1779515850665,bid,0.68,499.98
1779515850665,bid,0.67,200
1779515850665,bid,0.66,270.89
1779515850665,bid,0.65,3000
1779515850665,bid,0.64,2388.88
1779515850665,bid,0.63,377
1779515850665,bid,0.62,486.14
1779515850665,bid,0.61,2189.97
1779515850665,bid,0.6,406.66
1779515850665,bid,0.59,3000
1779515850665,bid,0.58,200
1779515850665,bid,0.57,200
1779515850665,bid,0.56,2485.29
1779515850665,bid,0.55,41.27
1779515850665,bid,0.54,1800
1779515850665,bid,0.51,1992.3
1779515850665,bid,0.5,324.26
1779515850665,bid,0.49,5.58
1779515850665,bid,0.48,1973.07
1779515850665,bid,0.47,300
1779515850665,bid,0.44,300
1779515850665,bid,0.4,240
1779515850665,bid,0.39,700
1779515850665,bid,0.37,600
1779515850665,bid,0.36,2388
1779515850665,bid,0.35,3600
1779515850665,bid,0.33,2439.39
1779515850665,bid,0.32,74.8
1779515850665,bid,0.31,322
1779515850665,bid,0.29,4248.27
1779515850665,bid,0.28,27.44
1779515850665,bid,0.26,1499
1779515850665,bid,0.25,4000
1779515850665,bid,0.23,448.37
1779515850665,bid,0.21,6295.09
1779515850665,bid,0.2,555
1779515850665,bid,0.19,157.89
1779515850665,bid,0.18,2518.21
1779515850665,bid,0.17,9147.05
1779515850665,bid,0.15,605
1779515850665,bid,0.13,1898.25
1779515850665,bid,0.12,13933.66
1779515850665,bid,0.1,1500
1779515850665,bid,0.09,8800
1779515850665,bid,0.08,22500
1779515850665,bid,0.05,2100
1779515850665,bid,0.04,56512.5
1779515850665,bid,0.02,8505
1779515850665,bid,0.01,3108.88
1779515850665,ask,0.79,2345.73
1779515850665,ask,0.8,3477.79
1779515850665,ask,0.81,11118.56
1779515850665,ask,0.82,20708.37
1779515850665,ask,0.83,19364.69
1779515850665,ask,0.84,20431.45
1779515850665,ask,0.85,18228.59
1779515850665,ask,0.86,20665.72
1779515850665,ask,0.87,3650
1779515850665,ask,0.88,5200
1779515850665,ask,0.89,14891.98
1779515850665,ask,0.9,7357.41
1779515850665,ask,0.91,48548.36
1779515850665,ask,0.92,900
1779515850665,ask,0.93,1661
1779515850665,ask,0.94,1450
1779515850665,ask,0.95,2675
1779515850665,ask,0.96,2543.75
1779515850665,ask,0.97,3647.5
1779515850665,ask,0.98,8780.41
1779515850665,ask,0.99,40195.81
1779516234844,bid,0.77,2221
1779516234844,bid,0.76,2172.99
1779516234844,bid,0.75,9600
1779516234844,bid,0.74,200
1779516234844,bid,0.73,1608
1779516234844,bid,0.71,221.99
1779516234844,bid,0.7,298.71
1779516234844,bid,0.69,100
1779516234844,bid,0.68,499.98
1779516234844,bid,0.66,316.89
1779516234844,bid,0.65,3938.88
1779516234844,bid,0.64,1000
1779516234844,bid,0.63,251
1779516234844,bid,0.62,286.14
1779516234844,bid,0.61,2189.97
1779516234844,bid,0.6,406.66
1779516234844,bid,0.59,4315.78
1779516234844,bid,0.58,200
1779516234844,bid,0.57,200
1779516234844,bid,0.56,1235.29
1779516234844,bid,0.55,41.27
1779516234844,bid,0.54,1800
1779516234844,bid,0.51,4033.11
1779516234844,bid,0.5,50
1779516234844,bid,0.49,5.58
1779516234844,bid,0.48,50
1779516234844,bid,0.47,300
1779516234844,bid,0.44,300
1779516234844,bid,0.4,40
1779516234844,bid,0.39,1300
1779516234844,bid,0.36,2388
1779516234844,bid,0.35,3600
1779516234844,bid,0.33,15.15
1779516234844,bid,0.32,74.8
1779516234844,bid,0.31,2902.64
1779516234844,bid,0.28,27.44
1779516234844,bid,0.27,4503.7
1779516234844,bid,0.26,38
1779516234844,bid,0.24,1583
1779516234844,bid,0.23,4796.19
1779516234844,bid,0.21,57
1779516234844,bid,0.2,8255
1779516234844,bid,0.19,157.89
1779516234844,bid,0.18,630.21
1779516234844,bid,0.17,1999
1779516234844,bid,0.16,8925
1779516234844,bid,0.15,605
1779516234844,bid,0.13,1231.25
1779516234844,bid,0.12,13933.66
1779516234844,bid,0.1,1500
1779516234844,bid,0.08,22500
1779516234844,bid,0.05,10900
1779516234844,bid,0.04,56512.5
1779516234844,bid,0.02,8505
1779516234844,bid,0.01,3108.88
1779516234844,ask,0.78,6069.14
1779516234844,ask,0.79,2082.99
1779516234844,ask,0.8,6453
1779516234844,ask,0.81,13192.57
1779516234844,ask,0.82,1829.5
1779516234844,ask,0.83,13231.66
1779516234844,ask,0.84,13459.19
1779516234844,ask,0.85,10493.78
1779516234844,ask,0.86,20665.72
1779516234844,ask,0.87,2650
1779516234844,ask,0.88,5200
1779516234844,ask,0.89,14255.98
1779516234844,ask,0.9,7357.41
1779516234844,ask,0.91,48548.36
1779516234844,ask,0.92,900
1779516234844,ask,0.93,2703
1779516234844,ask,0.94,1450
1779516234844,ask,0.95,2675
1779516234844,ask,0.96,2543.75
1779516234844,ask,0.97,3647.5
1779516234844,ask,0.98,13280.41
1779516234844,ask,0.99,33195.81
1779516363798,bid,0.77,1001.6
1779516363798,bid,0.76,2018.4
1779516363798,bid,0.75,10300
1779516363798,bid,0.74,200
1779516363798,bid,0.73,1608
1779516363798,bid,0.71,221.99
1779516363798,bid,0.7,1039.45
1779516363798,bid,0.69,100
1779516363798,bid,0.68,499.98
1779516363798,bid,0.66,316.89
1779516363798,bid,0.65,3938.88
1779516363798,bid,0.64,1000
1779516363798,bid,0.63,251
1779516363798,bid,0.62,415.14
1779516363798,bid,0.61,2189.97
1779516363798,bid,0.6,406.66
1779516363798,bid,0.59,4315.78
1779516363798,bid,0.58,200
1779516363798,bid,0.57,200
1779516363798,bid,0.56,1235.29
1779516363798,bid,0.55,41.27
1779516363798,bid,0.54,1800
1779516363798,bid,0.51,4033.11
1779516363798,bid,0.5,50
1779516363798,bid,0.49,5.58
1779516363798,bid,0.48,50
1779516363798,bid,0.47,300
1779516363798,bid,0.44,300
1779516363798,bid,0.4,40
1779516363798,bid,0.39,700
1779516363798,bid,0.37,600
1779516363798,bid,0.36,1166
1779516363798,bid,0.35,3600
1779516363798,bid,0.33,15.15
1779516363798,bid,0.32,74.8
1779516363798,bid,0.31,2902.64
1779516363798,bid,0.28,27.44
1779516363798,bid,0.27,4503.7
1779516363798,bid,0.26,38
1779516363798,bid,0.24,1583
1779516363798,bid,0.23,4796.19
1779516363798,bid,0.21,57
1779516363798,bid,0.2,8555
1779516363798,bid,0.19,157.89
1779516363798,bid,0.18,630.21
1779516363798,bid,0.17,1999
1779516363798,bid,0.16,8625
1779516363798,bid,0.15,605
1779516363798,bid,0.13,1231.25
1779516363798,bid,0.12,13933.66
1779516363798,bid,0.1,1500
1779516363798,bid,0.08,22500
1779516363798,bid,0.05,10900
1779516363798,bid,0.04,56512.5
1779516363798,bid,0.02,8505
1779516363798,bid,0.01,3108.88
1779516363798,ask,0.78,1840.01
1779516363798,ask,0.79,2481.63
1779516363798,ask,0.8,6045
1779516363798,ask,0.81,12992.57
1779516363798,ask,0.82,1829.5
1779516363798,ask,0.83,12996.66
1779516363798,ask,0.84,13459.19
1779516363798,ask,0.85,10493.78
1779516363798,ask,0.86,20665.72
1779516363798,ask,0.87,2650
1779516363798,ask,0.88,5783
1779516363798,ask,0.89,14255.98
1779516363798,ask,0.9,7357.41
1779516363798,ask,0.91,48548.36
1779516363798,ask,0.92,900
1779516363798,ask,0.93,2703
1779516363798,ask,0.94,1450
1779516363798,ask,0.95,2675
1779516363798,ask,0.96,2543.75
1779516363798,ask,0.97,3647.5
1779516363798,ask,0.98,13280.41
1779516363798,ask,0.99,33195.81
1779516503416,bid,0.77,864.4
1779516503416,bid,0.76,1139.7
1779516503416,bid,0.75,5045.44
1779516503416,bid,0.74,4600
1779516503416,bid,0.73,1608
1779516503416,bid,0.71,221.99
1779516503416,bid,0.7,298.71
1779516503416,bid,0.69,100
1779516503416,bid,0.68,499.98
1779516503416,bid,0.66,376.89
1779516503416,bid,0.65,3938.88
1779516503416,bid,0.64,2388.88
1779516503416,bid,0.63,251
1779516503416,bid,0.62,486.14
1779516503416,bid,0.61,2189.97
1779516503416,bid,0.6,406.66
1779516503416,bid,0.59,4315.78
1779516503416,bid,0.58,200
1779516503416,bid,0.57,200
1779516503416,bid,0.56,1235.29
1779516503416,bid,0.55,41.27
1779516503416,bid,0.54,2467.63
1779516503416,bid,0.51,4033.11
1779516503416,bid,0.5,50
1779516503416,bid,0.49,5.58
1779516503416,bid,0.48,50
1779516503416,bid,0.47,300
1779516503416,bid,0.44,300
1779516503416,bid,0.4,40
1779516503416,bid,0.39,700
1779516503416,bid,0.37,1735
1779516503416,bid,0.36,2388
1779516503416,bid,0.35,3600
1779516503416,bid,0.33,15.15
1779516503416,bid,0.32,74.8
1779516503416,bid,0.31,2902.64
1779516503416,bid,0.28,27.44
1779516503416,bid,0.27,4503.7
1779516503416,bid,0.26,38
1779516503416,bid,0.24,1583
1779516503416,bid,0.23,4796.19
1779516503416,bid,0.21,57
1779516503416,bid,0.2,8555
1779516503416,bid,0.19,157.89
1779516503416,bid,0.18,630.21
1779516503416,bid,0.17,1999
1779516503416,bid,0.16,8625
1779516503416,bid,0.15,605
1779516503416,bid,0.13,3846.25
1779516503416,bid,0.12,13933.66
1779516503416,bid,0.1,1500
1779516503416,bid,0.08,22500
1779516503416,bid,0.05,10900
1779516503416,bid,0.04,56512.5
1779516503416,bid,0.02,8505
1779516503416,bid,0.01,3108.88
1779516503416,ask,0.78,1011.95
1779516503416,ask,0.79,2565.02
1779516503416,ask,0.8,6626
1779516503416,ask,0.81,12592.57
1779516503416,ask,0.82,1842.5
1779516503416,ask,0.83,13218.66
1779516503416,ask,0.84,13459.19
1779516503416,ask,0.85,10527.11
1779516503416,ask,0.86,20665.72
1779516503416,ask,0.87,2650
1779516503416,ask,0.88,5783
1779516503416,ask,0.89,14255.98
1779516503416,ask,0.9,7357.41
1779516503416,ask,0.91,48548.36
1779516503416,ask,0.92,900
1779516503416,ask,0.93,2703
1779516503416,ask,0.94,1450
1779516503416,ask,0.95,2675
1779516503416,ask,0.96,2543.75
1779516503416,ask,0.97,3647.5
1779516503416,ask,0.98,8780.41
1779516503416,ask,0.99,33195.81
1779516641240,bid,0.77,864.4
1779516641240,bid,0.76,1819.7
1779516641240,bid,0.75,5544.58
1779516641240,bid,0.74,1000
1779516641240,bid,0.73,1608
1779516641240,bid,0.71,221.99
1779516641240,bid,0.7,298.71
1779516641240,bid,0.69,100
1779516641240,bid,0.68,499.98
1779516641240,bid,0.66,376.89
1779516641240,bid,0.65,3938.88
1779516641240,bid,0.64,2388.88
1779516641240,bid,0.63,251
1779516641240,bid,0.62,486.14
1779516641240,bid,0.61,2189.97
1779516641240,bid,0.6,406.66
1779516641240,bid,0.59,4315.78
1779516641240,bid,0.58,200
1779516641240,bid,0.57,200
1779516641240,bid,0.56,1235.29
1779516641240,bid,0.55,204.27
1779516641240,bid,0.54,2467.63
1779516641240,bid,0.51,4033.11
1779516641240,bid,0.5,50
1779516641240,bid,0.49,5.58
1779516641240,bid,0.48,50
1779516641240,bid,0.47,300
1779516641240,bid,0.44,300
1779516641240,bid,0.4,40
1779516641240,bid,0.39,700
1779516641240,bid,0.37,300
1779516641240,bid,0.36,2688
1779516641240,bid,0.35,3600
1779516641240,bid,0.33,15.15
1779516641240,bid,0.32,1449.8
1779516641240,bid,0.31,2902.64
1779516641240,bid,0.28,1598.44
1779516641240,bid,0.27,4503.7
1779516641240,bid,0.26,38
1779516641240,bid,0.24,1583
1779516641240,bid,0.23,4796.19
1779516641240,bid,0.21,57
1779516641240,bid,0.2,8555
1779516641240,bid,0.19,157.89
1779516641240,bid,0.18,630.21
1779516641240,bid,0.17,1999
1779516641240,bid,0.16,8625
1779516641240,bid,0.15,605
1779516641240,bid,0.13,3846.25
1779516641240,bid,0.12,13933.66
1779516641240,bid,0.1,1500
1779516641240,bid,0.08,22500
1779516641240,bid,0.05,10900
1779516641240,bid,0.04,56512.5
1779516641240,bid,0.02,8505
1779516641240,bid,0.01,3108.88
1779516641240,ask,0.78,1602.86
1779516641240,ask,0.79,3644.26
1779516641240,ask,0.8,6445
1779516641240,ask,0.81,7992.57
1779516641240,ask,0.82,1842.5
1779516641240,ask,0.83,13218.66
1779516641240,ask,0.84,13459.19
1779516641240,ask,0.85,10527.11
1779516641240,ask,0.86,20665.72
1779516641240,ask,0.87,2650
1779516641240,ask,0.88,5783
1779516641240,ask,0.89,14255.98
1779516641240,ask,0.9,7357.41
1779516641240,ask,0.91,48548.36
1779516641240,ask,0.92,900
1779516641240,ask,0.93,1561
1779516641240,ask,0.94,1450
1779516641240,ask,0.95,2675
1779516641240,ask,0.96,2543.75
1779516641240,ask,0.97,3647.5
1779516641240,ask,0.98,8780.41
1779516641240,ask,0.99,33195.81
1779516779053,bid,0.77,864.4
1779516779053,bid,0.76,2219.7
1779516779053,bid,0.75,5765.72
1779516779053,bid,0.74,3702.7
1779516779053,bid,0.73,1608
1779516779053,bid,0.71,221.99
1779516779053,bid,0.7,298.71
1779516779053,bid,0.69,100
1779516779053,bid,0.68,499.98
1779516779053,bid,0.66,376.89
1779516779053,bid,0.65,3938.88
1779516779053,bid,0.64,2388.88
1779516779053,bid,0.63,251
1779516779053,bid,0.62,486.14
1779516779053,bid,0.61,2189.97
1779516779053,bid,0.6,406.66
1779516779053,bid,0.59,4315.78
1779516779053,bid,0.58,200
1779516779053,bid,0.57,200
1779516779053,bid,0.56,1235.29
1779516779053,bid,0.55,204.27
1779516779053,bid,0.54,2467.63
1779516779053,bid,0.51,4033.11
1779516779053,bid,0.5,50
1779516779053,bid,0.49,5.58
1779516779053,bid,0.48,50
1779516779053,bid,0.47,300
1779516779053,bid,0.44,300
1779516779053,bid,0.4,40
1779516779053,bid,0.39,1300
1779516779053,bid,0.36,2688
1779516779053,bid,0.35,3600
1779516779053,bid,0.33,15.15
1779516779053,bid,0.32,1449.8
1779516779053,bid,0.31,2902.64
1779516779053,bid,0.28,1598.44
1779516779053,bid,0.27,4503.7
1779516779053,bid,0.26,38
1779516779053,bid,0.24,1583
1779516779053,bid,0.23,4796.19
1779516779053,bid,0.21,57
1779516779053,bid,0.2,8255
1779516779053,bid,0.19,157.89
1779516779053,bid,0.18,630.21
1779516779053,bid,0.17,1999
1779516779053,bid,0.16,8925
1779516779053,bid,0.15,605
1779516779053,bid,0.13,3846.25
1779516779053,bid,0.12,13933.66
1779516779053,bid,0.1,1500
1779516779053,bid,0.08,22500
1779516779053,bid,0.05,10900
1779516779053,bid,0.04,56512.5
1779516779053,bid,0.02,8505
1779516779053,bid,0.01,3108.88
1779516779053,ask,0.78,666.2
1779516779053,ask,0.79,3644.66
1779516779053,ask,0.8,7445
1779516779053,ask,0.81,6992.57
1779516779053,ask,0.82,1842.5
1779516779053,ask,0.83,13218.66
1779516779053,ask,0.84,13459.19
1779516779053,ask,0.85,10527.11
1779516779053,ask,0.86,20665.72
1779516779053,ask,0.87,2650
1779516779053,ask,0.88,5783
1779516779053,ask,0.89,14255.98
1779516779053,ask,0.9,7357.41
1779516779053,ask,0.91,48548.36
1779516779053,ask,0.92,900
1779516779053,ask,0.93,1561
1779516779053,ask,0.94,1450
1779516779053,ask,0.95,2675
1779516779053,ask,0.96,2543.75
1779516779053,ask,0.97,3647.5
1779516779053,ask,0.98,8780.41
1779516779053,ask,0.99,33195.81
1779516920665,bid,0.77,6.74
1779516920665,bid,0.76,1285
1779516920665,bid,0.75,6968.12
1779516920665,bid,0.74,1200
1779516920665,bid,0.73,1608
1779516920665,bid,0.71,221.99
1779516920665,bid,0.7,298.71
1779516920665,bid,0.69,100
1779516920665,bid,0.68,499.98
1779516920665,bid,0.66,210.89
1779516920665,bid,0.65,3938.88
1779516920665,bid,0.64,2388.88
1779516920665,bid,0.63,251
1779516920665,bid,0.62,286.14
1779516920665,bid,0.61,2189.97
1779516920665,bid,0.6,406.66
1779516920665,bid,0.59,4315.78
1779516920665,bid,0.58,200
1779516920665,bid,0.57,200
1779516920665,bid,0.56,1235.29
1779516920665,bid,0.55,186.27
1779516920665,bid,0.54,2467.63
1779516920665,bid,0.51,4033.11
1779516920665,bid,0.5,50
1779516920665,bid,0.49,5.58
1779516920665,bid,0.48,50
1779516920665,bid,0.47,300
1779516920665,bid,0.44,300
1779516920665,bid,0.4,40
1779516920665,bid,0.39,1300
1779516920665,bid,0.37,2324
1779516920665,bid,0.36,600
1779516920665,bid,0.35,3600
1779516920665,bid,0.33,15.15
1779516920665,bid,0.32,74.8
1779516920665,bid,0.31,2902.64
1779516920665,bid,0.28,27.44
1779516920665,bid,0.27,4503.7
1779516920665,bid,0.26,38
1779516920665,bid,0.24,1583
1779516920665,bid,0.23,4796.19
1779516920665,bid,0.21,57
1779516920665,bid,0.2,8255
1779516920665,bid,0.19,157.89
1779516920665,bid,0.18,630.21
1779516920665,bid,0.17,1999
1779516920665,bid,0.16,8925
1779516920665,bid,0.15,605
1779516920665,bid,0.13,3846.25
1779516920665,bid,0.12,13933.66
1779516920665,bid,0.1,1500
1779516920665,bid,0.08,22500
1779516920665,bid,0.05,10900
1779516920665,bid,0.04,56512.5
1779516920665,bid,0.02,8505
1779516920665,bid,0.01,3108.88
1779516920665,ask,0.78,610.65
1779516920665,ask,0.79,3645.96
1779516920665,ask,0.8,17835.94
1779516920665,ask,0.81,6992.57
1779516920665,ask,0.82,1829.5
1779516920665,ask,0.83,13231.66
1779516920665,ask,0.84,13459.19
1779516920665,ask,0.85,10493.78
1779516920665,ask,0.86,20665.72
1779516920665,ask,0.87,2650
1779516920665,ask,0.88,5200
1779516920665,ask,0.89,14255.98
1779516920665,ask,0.9,7357.41
1779516920665,ask,0.91,48548.36
1779516920665,ask,0.92,900
1779516920665,ask,0.93,2703
1779516920665,ask,0.94,1450
1779516920665,ask,0.95,2675
1779516920665,ask,0.96,2543.75
1779516920665,ask,0.97,3647.5
1779516920665,ask,0.98,13280.41
1779516920665,ask,0.99,33195.81
1779517058238,bid,0.77,207.8
1779517058238,bid,0.76,1525.12
1779517058238,bid,0.75,5920
1779517058238,bid,0.74,1200
1779517058238,bid,0.73,1608
1779517058238,bid,0.71,221.99
1779517058238,bid,0.7,298.71
1779517058238,bid,0.69,100
1779517058238,bid,0.68,499.98
1779517058238,bid,0.66,376.89
1779517058238,bid,0.65,3938.88
1779517058238,bid,0.64,1000
1779517058238,bid,0.63,251
1779517058238,bid,0.62,286.14
1779517058238,bid,0.61,2189.97
1779517058238,bid,0.6,406.66
1779517058238,bid,0.59,4315.78
1779517058238,bid,0.58,200
1779517058238,bid,0.57,200
1779517058238,bid,0.56,1235.29
1779517058238,bid,0.55,186.27
1779517058238,bid,0.54,1800
1779517058238,bid,0.51,4033.11
1779517058238,bid,0.5,50
1779517058238,bid,0.49,5.58
1779517058238,bid,0.48,50
1779517058238,bid,0.47,300
1779517058238,bid,0.44,300
1779517058238,bid,0.4,40
1779517058238,bid,0.39,1000
1779517058238,bid,0.36,1166
1779517058238,bid,0.35,3600
1779517058238,bid,0.33,15.15
1779517058238,bid,0.32,74.8
1779517058238,bid,0.31,2902.64
1779517058238,bid,0.28,27.44
1779517058238,bid,0.27,4503.7
1779517058238,bid,0.26,38
1779517058238,bid,0.24,1583
1779517058238,bid,0.23,4796.19
1779517058238,bid,0.21,57
1779517058238,bid,0.2,8255
1779517058238,bid,0.19,157.89
1779517058238,bid,0.18,630.21
1779517058238,bid,0.17,1999
1779517058238,bid,0.16,8925
1779517058238,bid,0.15,605
1779517058238,bid,0.13,3846.25
1779517058238,bid,0.12,13933.66
1779517058238,bid,0.1,1500
1779517058238,bid,0.08,22500
1779517058238,bid,0.05,10900
1779517058238,bid,0.04,56512.5
1779517058238,bid,0.02,8505
1779517058238,bid,0.01,3108.88
1779517058238,ask,0.78,789.82
1779517058238,ask,0.79,2844.53
1779517058238,ask,0.8,17835.94
1779517058238,ask,0.81,6992.57
1779517058238,ask,0.82,1829.5
1779517058238,ask,0.83,13231.66
1779517058238,ask,0.84,13459.19
1779517058238,ask,0.85,10493.78
1779517058238,ask,0.86,20665.72
1779517058238,ask,0.87,2650
1779517058238,ask,0.88,5783
1779517058238,ask,0.89,14255.98
1779517058238,ask,0.9,7357.41
1779517058238,ask,0.91,48548.36
1779517058238,ask,0.92,900
1779517058238,ask,0.93,1561
1779517058238,ask,0.94,1450
1779517058238,ask,0.95,2675
1779517058238,ask,0.96,2543.75
1779517058238,ask,0.97,3647.5
1779517058238,ask,0.98,13280.41
1779517058238,ask,0.99,33195.81
1779517464705,bid,0.76,5087.41
1779517464705,bid,0.75,5964.53
1779517464705,bid,0.74,11405.41
1779517464705,bid,0.73,1608
1779517464705,bid,0.71,221.99
1779517464705,bid,0.7,298.71
1779517464705,bid,0.69,100
1779517464705,bid,0.68,499.98
1779517464705,bid,0.66,210.89
1779517464705,bid,0.65,3200
1779517464705,bid,0.64,3708.44
1779517464705,bid,0.63,251
1779517464705,bid,0.62,486.14
1779517464705,bid,0.61,2189.97
1779517464705,bid,0.6,406.66
1779517464705,bid,0.59,4388.89
1779517464705,bid,0.58,200
1779517464705,bid,0.57,200
1779517464705,bid,0.56,1235.29
1779517464705,bid,0.55,41.27
1779517464705,bid,0.54,1800
1779517464705,bid,0.51,4033.11
1779517464705,bid,0.5,50
1779517464705,bid,0.49,5.58
1779517464705,bid,0.48,50
1779517464705,bid,0.47,300
1779517464705,bid,0.44,300
1779517464705,bid,0.4,40
1779517464705,bid,0.39,1000
1779517464705,bid,0.37,1351
1779517464705,bid,0.36,300
1779517464705,bid,0.35,3600
1779517464705,bid,0.33,15.15
1779517464705,bid,0.32,74.8
1779517464705,bid,0.31,2902.64
1779517464705,bid,0.28,1598.44
1779517464705,bid,0.27,4503.7
1779517464705,bid,0.26,38
1779517464705,bid,0.23,4796.19
1779517464705,bid,0.21,57
1779517464705,bid,0.2,8555
1779517464705,bid,0.19,157.89
1779517464705,bid,0.18,630.21
1779517464705,bid,0.16,8625
1779517464705,bid,0.15,605
1779517464705,bid,0.13,3846.25
1779517464705,bid,0.12,13933.66
1779517464705,bid,0.1,1500
1779517464705,bid,0.08,22500
1779517464705,bid,0.05,10900
1779517464705,bid,0.04,56512.5
1779517464705,bid,0.02,8505
1779517464705,bid,0.01,3108.88
1779517464705,ask,0.78,722.22
1779517464705,ask,0.79,2850.28
1779517464705,ask,0.8,20043.34
1779517464705,ask,0.81,6992.57
1779517464705,ask,0.82,1842.5
1779517464705,ask,0.83,7634.99
1779517464705,ask,0.84,13459.19
1779517464705,ask,0.85,12784.11
1779517464705,ask,0.86,20665.72
1779517464705,ask,0.87,2650
1779517464705,ask,0.88,5783
1779517464705,ask,0.89,14255.98
1779517464705,ask,0.9,7357.41
1779517464705,ask,0.91,48548.36
1779517464705,ask,0.92,900
1779517464705,ask,0.93,1561
1779517464705,ask,0.94,1450
1779517464705,ask,0.95,2675
1779517464705,ask,0.96,2543.75
1779517464705,ask,0.97,3647.5
1779517464705,ask,0.98,13280.41
1779517464705,ask,0.99,33195.81
1779517592670,bid,0.77,16.23
1779517592670,bid,0.76,5830.18
1779517592670,bid,0.75,6933
1779517592670,bid,0.74,2702.7
1779517592670,bid,0.73,3459.85
1779517592670,bid,0.71,221.99
1779517592670,bid,0.7,298.71
1779517592670,bid,0.69,100
1779517592670,bid,0.68,499.98
1779517592670,bid,0.66,376.89
1779517592670,bid,0.65,3200
1779517592670,bid,0.64,1000
1779517592670,bid,0.63,989.88
1779517592670,bid,0.62,486.14
1779517592670,bid,0.61,131
1779517592670,bid,0.6,406.66
1779517592670,bid,0.59,3000
1779517592670,bid,0.58,200
1779517592670,bid,0.57,911.63
1779517592670,bid,0.56,3508.01
1779517592670,bid,0.55,41.27
1779517592670,bid,0.54,1800
1779517592670,bid,0.51,4033.11
1779517592670,bid,0.5,50
1779517592670,bid,0.49,5.58
1779517592670,bid,0.48,50
1779517592670,bid,0.47,300
1779517592670,bid,0.44,300
1779517592670,bid,0.4,40
1779517592670,bid,0.39,700
1779517592670,bid,0.36,2988
1779517592670,bid,0.35,3600
1779517592670,bid,0.33,15.15
1779517592670,bid,0.32,74.8
1779517592670,bid,0.31,2902.64
1779517592670,bid,0.28,1598.44
1779517592670,bid,0.27,4503.7
1779517592670,bid,0.26,38
1779517592670,bid,0.24,1583
1779517592670,bid,0.23,4796.19
1779517592670,bid,0.21,57
1779517592670,bid,0.2,8555
1779517592670,bid,0.19,157.89
1779517592670,bid,0.18,630.21
1779517592670,bid,0.17,1999
1779517592670,bid,0.16,8625
1779517592670,bid,0.15,605
1779517592670,bid,0.13,3846.25
1779517592670,bid,0.12,13933.66
1779517592670,bid,0.1,1500
1779517592670,bid,0.08,22500
1779517592670,bid,0.05,10900
1779517592670,bid,0.04,56512.5
1779517592670,bid,0.02,8505
1779517592670,bid,0.01,3108.88
1779517592670,ask,0.78,66.15
1779517592670,ask,0.79,1343.89
1779517592670,ask,0.8,24579.68
1779517592670,ask,0.81,11701.57
1779517592670,ask,0.82,1829.5
1779517592670,ask,0.83,7634.99
1779517592670,ask,0.84,13459.19
1779517592670,ask,0.85,8228.59
1779517592670,ask,0.86,20665.72
1779517592670,ask,0.87,2650
1779517592670,ask,0.88,5783
1779517592670,ask,0.89,14255.98
1779517592670,ask,0.9,7357.41
1779517592670,ask,0.91,48548.36
1779517592670,ask,0.92,900
1779517592670,ask,0.93,1561
1779517592670,ask,0.94,1450
1779517592670,ask,0.95,2675
1779517592670,ask,0.96,2543.75
1779517592670,ask,0.97,3647.5
1779517592670,ask,0.98,8780.41
1779517592670,ask,0.99,31195.81
1779517720000,bid,0.76,4104.39
1779517720000,bid,0.75,6240
1779517720000,bid,0.73,1608
1779517720000,bid,0.71,221.99
1779517720000,bid,0.7,298.71
1779517720000,bid,0.69,100
1779517720000,bid,0.68,499.98
1779517720000,bid,0.66,316.89
1779517720000,bid,0.65,4628.57
1779517720000,bid,0.64,1000
1779517720000,bid,0.63,989.88
1779517720000,bid,0.62,486.14
1779517720000,bid,0.61,131
1779517720000,bid,0.6,406.66
1779517720000,bid,0.59,3000
1779517720000,bid,0.58,200
1779517720000,bid,0.57,911.63
1779517720000,bid,0.56,1235.29
1779517720000,bid,0.55,41.27
1779517720000,bid,0.54,3651.85
1779517720000,bid,0.51,3548.08
1779517720000,bid,0.5,50
1779517720000,bid,0.49,5.58
1779517720000,bid,0.48,50
1779517720000,bid,0.47,300
1779517720000,bid,0.44,300
1779517720000,bid,0.4,40
1779517720000,bid,0.39,700
1779517720000,bid,0.37,2324
1779517720000,bid,0.36,600
1779517720000,bid,0.35,3600
1779517720000,bid,0.33,15.15
1779517720000,bid,0.32,74.8
1779517720000,bid,0.31,2902.64
1779517720000,bid,0.28,1598.44
1779517720000,bid,0.27,4503.7
1779517720000,bid,0.26,38
1779517720000,bid,0.23,4796.19
1779517720000,bid,0.21,57
1779517720000,bid,0.2,8555
1779517720000,bid,0.19,157.89
1779517720000,bid,0.18,630.21
1779517720000,bid,0.17,1999
1779517720000,bid,0.16,8625
1779517720000,bid,0.15,605
1779517720000,bid,0.13,1231.25
1779517720000,bid,0.12,13933.66
1779517720000,bid,0.1,1500
1779517720000,bid,0.08,22500
1779517720000,bid,0.05,10900
1779517720000,bid,0.04,56512.5
1779517720000,bid,0.02,8505
1779517720000,bid,0.01,3108.88
1779517720000,ask,0.78,276.83
1779517720000,ask,0.79,1382.56
1779517720000,ask,0.8,19843.34
1779517720000,ask,0.81,6992.57
1779517720000,ask,0.82,1842.5
1779517720000,ask,0.83,12860.24
1779517720000,ask,0.84,13459.19
1779517720000,ask,0.85,12909.21
1779517720000,ask,0.86,20665.72
1779517720000,ask,0.87,2650
1779517720000,ask,0.88,5783
1779517720000,ask,0.89,14255.98
1779517720000,ask,0.9,7357.41
1779517720000,ask,0.91,48548.36
1779517720000,ask,0.92,900
1779517720000,ask,0.93,1561
1779517720000,ask,0.94,1450
1779517720000,ask,0.95,2675
1779517720000,ask,0.96,2543.75
1779517720000,ask,0.97,3647.5
1779517720000,ask,0.98,8780.41
1779517720000,ask,0.99,33195.81
1779517844940,bid,0.77,973.38
1779517844940,bid,0.76,4105.25
1779517844940,bid,0.75,7640
1779517844940,bid,0.73,1608
1779517844940,bid,0.71,221.99
1779517844940,bid,0.7,298.71
1779517844940,bid,0.69,100
1779517844940,bid,0.68,499.98
1779517844940,bid,0.66,270.89
1779517844940,bid,0.65,4628.57
1779517844940,bid,0.64,1000
1779517844940,bid,0.63,989.88
1779517844940,bid,0.62,486.14
1779517844940,bid,0.61,131
1779517844940,bid,0.6,406.66
1779517844940,bid,0.59,3000
1779517844940,bid,0.58,200
1779517844940,bid,0.57,911.63
1779517844940,bid,0.56,1235.29
1779517844940,bid,0.55,41.27
1779517844940,bid,0.54,3651.85
1779517844940,bid,0.51,3548.08
1779517844940,bid,0.5,50
1779517844940,bid,0.49,5.58
1779517844940,bid,0.48,50
1779517844940,bid,0.47,300
1779517844940,bid,0.44,300
1779517844940,bid,0.4,40
1779517844940,bid,0.39,700
1779517844940,bid,0.37,1135
1779517844940,bid,0.36,600
1779517844940,bid,0.35,3600
1779517844940,bid,0.33,15.15
1779517844940,bid,0.32,74.8
1779517844940,bid,0.31,2902.64
1779517844940,bid,0.28,1598.44
1779517844940,bid,0.27,4503.7
1779517844940,bid,0.26,38
1779517844940,bid,0.24,1583
1779517844940,bid,0.23,4796.19
1779517844940,bid,0.21,57
1779517844940,bid,0.2,8555
1779517844940,bid,0.19,157.89
1779517844940,bid,0.18,630.21
1779517844940,bid,0.17,1999
1779517844940,bid,0.16,8625
1779517844940,bid,0.15,605
1779517844940,bid,0.13,3846.25
1779517844940,bid,0.12,13933.66
1779517844940,bid,0.1,1500
1779517844940,bid,0.08,22500
1779517844940,bid,0.05,10900
1779517844940,bid,0.04,56512.5
1779517844940,bid,0.02,8505
1779517844940,bid,0.01,3108.88
1779517844940,ask,0.78,262.06
1779517844940,ask,0.79,1384.48
1779517844940,ask,0.8,20243.34
1779517844940,ask,0.81,7647.57
1779517844940,ask,0.82,1829.5
1779517844940,ask,0.83,12873.24
1779517844940,ask,0.84,13459.19
1779517844940,ask,0.85,12909.21
1779517844940,ask,0.86,20665.72
1779517844940,ask,0.87,2650
1779517844940,ask,0.88,5200
1779517844940,ask,0.89,14255.98
1779517844940,ask,0.9,7357.41
1779517844940,ask,0.91,48548.36
1779517844940,ask,0.92,900
1779517844940,ask,0.93,2703
1779517844940,ask,0.94,1450
1779517844940,ask,0.95,2675
1779517844940,ask,0.96,2543.75
1779517844940,ask,0.97,3647.5
1779517844940,ask,0.98,13280.41
1779517844940,ask,0.99,33195.81
1779518214636,bid,0.77,589.77
1779518214636,bid,0.76,1462.15
1779518214636,bid,0.75,11940
1779518214636,bid,0.74,13
1779518214636,bid,0.73,1608
1779518214636,bid,0.71,221.99
1779518214636,bid,0.7,298.71
1779518214636,bid,0.69,562.97
1779518214636,bid,0.68,499.98
1779518214636,bid,0.66,316.89
1779518214636,bid,0.65,4628.57
1779518214636,bid,0.64,2388.88
1779518214636,bid,0.63,251
1779518214636,bid,0.62,486.14
1779518214636,bid,0.61,131
1779518214636,bid,0.6,406.66
1779518214636,bid,0.59,3000
1779518214636,bid,0.58,200
1779518214636,bid,0.57,200
1779518214636,bid,0.56,1235.29
1779518214636,bid,0.55,41.27
1779518214636,bid,0.54,1800
1779518214636,bid,0.51,3548.08
1779518214636,bid,0.5,50
1779518214636,bid,0.49,5.58
1779518214636,bid,0.48,50
1779518214636,bid,0.47,300
1779518214636,bid,0.44,300
1779518214636,bid,0.4,40
1779518214636,bid,0.39,700
1779518214636,bid,0.37,2324
1779518214636,bid,0.36,600
1779518214636,bid,0.35,3600
1779518214636,bid,0.33,15.15
1779518214636,bid,0.32,74.8
1779518214636,bid,0.31,2902.64
1779518214636,bid,0.28,27.44
1779518214636,bid,0.27,4503.7
1779518214636,bid,0.26,38
1779518214636,bid,0.24,1583
1779518214636,bid,0.23,4796.19
1779518214636,bid,0.21,57
1779518214636,bid,0.2,8555
1779518214636,bid,0.19,157.89
1779518214636,bid,0.18,630.21
1779518214636,bid,0.17,1999
1779518214636,bid,0.16,8625
1779518214636,bid,0.15,605
1779518214636,bid,0.13,1231.25
1779518214636,bid,0.12,13933.66
1779518214636,bid,0.1,1500
1779518214636,bid,0.08,22500
1779518214636,bid,0.05,10900
1779518214636,bid,0.04,56512.5
1779518214636,bid,0.02,8505
1779518214636,bid,0.01,3108.88
1779518214636,ask,0.78,880.95
1779518214636,ask,0.79,3137.73
1779518214636,ask,0.8,24937.36
1779518214636,ask,0.81,18573.88
1779518214636,ask,0.82,1837.5
1779518214636,ask,0.83,7399.99
1779518214636,ask,0.84,13459.19
1779518214636,ask,0.85,8261.92
1779518214636,ask,0.86,20665.72
1779518214636,ask,0.87,2650
1779518214636,ask,0.88,5783
1779518214636,ask,0.89,14255.98
1779518214636,ask,0.9,7357.41
1779518214636,ask,0.91,48548.36
1779518214636,ask,0.92,900
1779518214636,ask,0.93,1561
1779518214636,ask,0.94,1450
1779518214636,ask,0.95,2675
1779518214636,ask,0.96,2543.75
1779518214636,ask,0.97,3647.5
1779518214636,ask,0.98,13280.41
1779518214636,ask,0.99,33195.81
1779518332034,bid,0.77,579.77
1779518332034,bid,0.76,1660.56
1779518332034,bid,0.75,12940
1779518332034,bid,0.74,13
1779518332034,bid,0.73,1608
1779518332034,bid,0.72,1000
1779518332034,bid,0.71,221.99
1779518332034,bid,0.7,298.71
1779518332034,bid,0.69,562.97
1779518332034,bid,0.68,499.98
1779518332034,bid,0.66,270.89
1779518332034,bid,0.65,4628.57
1779518332034,bid,0.64,1000
1779518332034,bid,0.63,251
1779518332034,bid,0.62,486.14
1779518332034,bid,0.6,406.66
1779518332034,bid,0.59,3000
1779518332034,bid,0.58,200
1779518332034,bid,0.57,1588.88
1779518332034,bid,0.56,1235.29
1779518332034,bid,0.55,204.27
1779518332034,bid,0.54,1800
1779518332034,bid,0.51,3548.08
1779518332034,bid,0.5,50
1779518332034,bid,0.49,5.58
1779518332034,bid,0.48,50
1779518332034,bid,0.47,300
1779518332034,bid,0.44,300
1779518332034,bid,0.4,40
1779518332034,bid,0.39,700
1779518332034,bid,0.37,600
1779518332034,bid,0.36,2388
1779518332034,bid,0.35,3600
1779518332034,bid,0.33,15.15
1779518332034,bid,0.32,74.8
1779518332034,bid,0.31,2902.64
1779518332034,bid,0.28,27.44
1779518332034,bid,0.27,4503.7
1779518332034,bid,0.26,38
1779518332034,bid,0.24,1583
1779518332034,bid,0.23,4796.19
1779518332034,bid,0.21,57
1779518332034,bid,0.2,8555
1779518332034,bid,0.19,157.89
1779518332034,bid,0.18,630.21
1779518332034,bid,0.17,1999
1779518332034,bid,0.16,8625
1779518332034,bid,0.15,605
1779518332034,bid,0.13,1231.25
1779518332034,bid,0.12,13933.66
1779518332034,bid,0.1,1500
1779518332034,bid,0.08,22500
1779518332034,bid,0.05,10900
1779518332034,bid,0.04,56512.5
1779518332034,bid,0.02,8505
1779518332034,bid,0.01,3108.88
1779518332034,ask,0.78,867.4
1779518332034,ask,0.79,3139.44
1779518332034,ask,0.8,32956.36
1779518332034,ask,0.81,18773.88
1779518332034,ask,0.82,1837.5
1779518332034,ask,0.83,7399.99
1779518332034,ask,0.84,13459.19
1779518332034,ask,0.85,8261.92
1779518332034,ask,0.86,20665.72
1779518332034,ask,0.87,2650
1779518332034,ask,0.88,5200
1779518332034,ask,0.89,14255.98
1779518332034,ask,0.9,7357.41
1779518332034,ask,0.91,47948.36
1779518332034,ask,0.92,900
1779518332034,ask,0.93,2703
1779518332034,ask,0.94,1450
1779518332034,ask,0.95,2675
1779518332034,ask,0.96,2543.75
1779518332034,ask,0.97,3647.5
1779518332034,ask,0.98,13280.41
1779518332034,ask,0.99,33195.81
1779518456851,bid,0.77,1534.5
1779518456851,bid,0.76,3962.11
1779518456851,bid,0.75,17414
1779518456851,bid,0.74,213
1779518456851,bid,0.73,1608
1779518456851,bid,0.72,1000
1779518456851,bid,0.71,221.99
1779518456851,bid,0.7,298.71
1779518456851,bid,0.69,562.97
1779518456851,bid,0.68,499.98
1779518456851,bid,0.66,270.89
1779518456851,bid,0.65,3200
1779518456851,bid,0.64,1000
1779518456851,bid,0.63,251
1779518456851,bid,0.62,486.14
1779518456851,bid,0.6,406.66
1779518456851,bid,0.59,3000
1779518456851,bid,0.58,200
1779518456851,bid,0.57,1588.88
1779518456851,bid,0.56,1235.29
1779518456851,bid,0.55,204.27
1779518456851,bid,0.54,1800
1779518456851,bid,0.51,1992.3
1779518456851,bid,0.5,50
1779518456851,bid,0.49,5.58
1779518456851,bid,0.48,50
1779518456851,bid,0.47,300
1779518456851,bid,0.44,300
1779518456851,bid,0.4,40
1779518456851,bid,0.39,700
1779518456851,bid,0.37,600
1779518456851,bid,0.36,2388
1779518456851,bid,0.35,3600
1779518456851,bid,0.33,15.15
1779518456851,bid,0.32,74.8
1779518456851,bid,0.31,2902.64
1779518456851,bid,0.28,27.44
1779518456851,bid,0.27,4503.7
1779518456851,bid,0.26,38
1779518456851,bid,0.24,1583
1779518456851,bid,0.23,4796.19
1779518456851,bid,0.21,57
1779518456851,bid,0.2,8555
1779518456851,bid,0.19,157.89
1779518456851,bid,0.18,630.21
1779518456851,bid,0.17,1999
1779518456851,bid,0.16,8625
1779518456851,bid,0.15,605
1779518456851,bid,0.13,1231.25
1779518456851,bid,0.12,13933.66
1779518456851,bid,0.1,1500
1779518456851,bid,0.08,22500
1779518456851,bid,0.05,10900
1779518456851,bid,0.04,56512.5
1779518456851,bid,0.02,8505
1779518456851,bid,0.01,3108.88
1779518456851,ask,0.78,242.35
1779518456851,ask,0.79,2041.88
1779518456851,ask,0.8,34776.89
1779518456851,ask,0.81,18173.88
1779518456851,ask,0.82,1837.5
1779518456851,ask,0.83,7399.99
1779518456851,ask,0.84,13459.19
1779518456851,ask,0.85,8228.59
1779518456851,ask,0.86,20665.72
1779518456851,ask,0.87,2650
1779518456851,ask,0.88,5200
1779518456851,ask,0.89,14255.98
1779518456851,ask,0.9,7357.41
1779518456851,ask,0.91,47948.36
1779518456851,ask,0.92,900
1779518456851,ask,0.93,2703
1779518456851,ask,0.94,1450
1779518456851,ask,0.95,2675
1779518456851,ask,0.96,2543.75
1779518456851,ask,0.97,3647.5
1779518456851,ask,0.98,13280.41
1779518456851,ask,0.99,33195.81
1779518584722,bid,0.79,200
1779518584722,bid,0.78,2290.86
1779518584722,bid,0.77,4519.5
1779518584722,bid,0.76,7725.88
1779518584722,bid,0.75,12420
1779518584722,bid,0.74,13
1779518584722,bid,0.73,1008
1779518584722,bid,0.71,221.99
1779518584722,bid,0.7,298.71
1779518584722,bid,0.69,562.97
1779518584722,bid,0.68,499.98
1779518584722,bid,0.66,376.89
1779518584722,bid,0.65,3200
1779518584722,bid,0.64,2979.06
1779518584722,bid,0.63,251
1779518584722,bid,0.62,286.14
1779518584722,bid,0.61,131
1779518584722,bid,0.6,824.77
1779518584722,bid,0.59,5439.02
1779518584722,bid,0.58,200
1779518584722,bid,0.57,200
1779518584722,bid,0.56,1235.29
1779518584722,bid,0.55,41.27
1779518584722,bid,0.54,1800
1779518584722,bid,0.51,1992.3
1779518584722,bid,0.5,50
1779518584722,bid,0.49,5.58
1779518584722,bid,0.48,50
1779518584722,bid,0.47,300
1779518584722,bid,0.44,300
1779518584722,bid,0.4,40
1779518584722,bid,0.39,700
1779518584722,bid,0.36,2988
1779518584722,bid,0.35,3600
1779518584722,bid,0.33,15.15
1779518584722,bid,0.32,2574.8
1779518584722,bid,0.31,2902.64
1779518584722,bid,0.29,1310
1779518584722,bid,0.28,4398.86
1779518584722,bid,0.26,38
1779518584722,bid,0.24,4166.66
1779518584722,bid,0.23,4796.19
1779518584722,bid,0.21,57
1779518584722,bid,0.2,8555
1779518584722,bid,0.19,157.89
1779518584722,bid,0.18,630.21
1779518584722,bid,0.17,1999
1779518584722,bid,0.16,8625
1779518584722,bid,0.15,605
1779518584722,bid,0.13,1231.25
1779518584722,bid,0.12,13933.66
1779518584722,bid,0.1,1500
1779518584722,bid,0.08,22500
1779518584722,bid,0.05,1900
1779518584722,bid,0.04,56512.5
1779518584722,bid,0.02,8505
1779518584722,bid,0.01,3108.88
1779518584722,ask,0.79,1546.05
1779518584722,ask,0.8,21172.34
1779518584722,ask,0.81,18418.81
1779518584722,ask,0.82,3862.17
1779518584722,ask,0.83,7399.99
1779518584722,ask,0.84,13467.19
1779518584722,ask,0.85,13013.58
1779518584722,ask,0.86,20665.72
1779518584722,ask,0.87,2650
1779518584722,ask,0.88,5200
1779518584722,ask,0.89,14255.98
1779518584722,ask,0.9,7357.41
1779518584722,ask,0.91,47948.36
1779518584722,ask,0.92,900
1779518584722,ask,0.93,1561
1779518584722,ask,0.94,1450
1779518584722,ask,0.95,4275
1779518584722,ask,0.96,2543.75
1779518584722,ask,0.97,3647.5
1779518584722,ask,0.98,13280.41
1779518584722,ask,0.99,27195.81
1779518708004,bid,0.79,2605.46
1779518708004,bid,0.78,2294
1779518708004,bid,0.77,2311.5
1779518708004,bid,0.76,7725.88
1779518708004,bid,0.75,12420
1779518708004,bid,0.74,13
1779518708004,bid,0.73,1008
1779518708004,bid,0.71,221.99
1779518708004,bid,0.7,298.71
1779518708004,bid,0.69,562.97
1779518708004,bid,0.68,499.98
1779518708004,bid,0.66,270.89
1779518708004,bid,0.65,3200
1779518708004,bid,0.64,2979.06
1779518708004,bid,0.63,251
1779518708004,bid,0.62,286.14
1779518708004,bid,0.61,131
1779518708004,bid,0.6,824.77
1779518708004,bid,0.59,5439.02
1779518708004,bid,0.58,200
1779518708004,bid,0.57,200
1779518708004,bid,0.56,1235.29
1779518708004,bid,0.55,41.27
1779518708004,bid,0.54,1800
1779518708004,bid,0.51,1992.3
1779518708004,bid,0.5,50
1779518708004,bid,0.49,5.58
1779518708004,bid,0.48,50
1779518708004,bid,0.47,300
1779518708004,bid,0.44,300
1779518708004,bid,0.4,40
1779518708004,bid,0.39,700
1779518708004,bid,0.36,2988
1779518708004,bid,0.35,3600
1779518708004,bid,0.33,15.15
1779518708004,bid,0.32,2574.8
1779518708004,bid,0.31,2902.64
1779518708004,bid,0.29,1310
1779518708004,bid,0.28,4398.86
1779518708004,bid,0.26,38
1779518708004,bid,0.24,4166.66
1779518708004,bid,0.23,4796.19
1779518708004,bid,0.21,57
1779518708004,bid,0.2,8555
1779518708004,bid,0.19,157.89
1779518708004,bid,0.18,630.21
1779518708004,bid,0.17,1999
1779518708004,bid,0.16,8625
1779518708004,bid,0.15,605
1779518708004,bid,0.13,1231.25
1779518708004,bid,0.12,13933.66
1779518708004,bid,0.1,1500
1779518708004,bid,0.08,22500
1779518708004,bid,0.05,1900
1779518708004,bid,0.04,56512.5
1779518708004,bid,0.02,8505
1779518708004,bid,0.01,3108.88
1779518708004,ask,0.79,1546.05
1779518708004,ask,0.8,21588.96
1779518708004,ask,0.81,8258.38
1779518708004,ask,0.82,22029.5
1779518708004,ask,0.83,7399.99
1779518708004,ask,0.84,7467.19
1779518708004,ask,0.85,8228.59
1779518708004,ask,0.86,19665.73
1779518708004,ask,0.87,2650
1779518708004,ask,0.88,5200
1779518708004,ask,0.89,14255.98
1779518708004,ask,0.9,7357.41
1779518708004,ask,0.91,48548.36
1779518708004,ask,0.92,900
1779518708004,ask,0.93,1561
1779518708004,ask,0.94,1450
1779518708004,ask,0.95,2675
1779518708004,ask,0.96,2543.75
1779518708004,ask,0.97,3647.5
1779518708004,ask,0.98,13280.41
1779518708004,ask,0.99,25195.81
1779519085858,bid,0.79,782.4
1779519085858,bid,0.78,2249.8
1779519085858,bid,0.77,3695.08
1779519085858,bid,0.76,2500
1779519085858,bid,0.75,2200
1779519085858,bid,0.74,13
1779519085858,bid,0.73,1008
1779519085858,bid,0.71,221.99
1779519085858,bid,0.7,298.71
1779519085858,bid,0.69,100
1779519085858,bid,0.68,657.61
1779519085858,bid,0.67,163
1779519085858,bid,0.66,2062.31
1779519085858,bid,0.65,4628.57
1779519085858,bid,0.64,1000
1779519085858,bid,0.63,251
1779519085858,bid,0.62,286.14
1779519085858,bid,0.61,131
1779519085858,bid,0.6,406.66
1779519085858,bid,0.59,3000
1779519085858,bid,0.58,200
1779519085858,bid,0.57,200
1779519085858,bid,0.56,1235.29
1779519085858,bid,0.55,41.27
1779519085858,bid,0.54,3050
1779519085858,bid,0.51,1992.3
1779519085858,bid,0.5,50
1779519085858,bid,0.49,5.58
1779519085858,bid,0.48,50
1779519085858,bid,0.47,300
1779519085858,bid,0.45,499.99
1779519085858,bid,0.44,300
1779519085858,bid,0.4,40
1779519085858,bid,0.39,700
1779519085858,bid,0.37,300
1779519085858,bid,0.36,2388
1779519085858,bid,0.35,3600
1779519085858,bid,0.33,15.15
1779519085858,bid,0.32,2574.8
1779519085858,bid,0.31,322
1779519085858,bid,0.29,1310
1779519085858,bid,0.28,4398.86
1779519085858,bid,0.26,38
1779519085858,bid,0.25,1520
1779519085858,bid,0.24,4166.66
1779519085858,bid,0.23,448.37
1779519085858,bid,0.21,57
1779519085858,bid,0.2,8555
1779519085858,bid,0.19,157.89
1779519085858,bid,0.18,630.21
1779519085858,bid,0.17,1999
1779519085858,bid,0.16,8625
1779519085858,bid,0.15,605
1779519085858,bid,0.13,1231.25
1779519085858,bid,0.12,13933.66
1779519085858,bid,0.1,1500
1779519085858,bid,0.09,3504
1779519085858,bid,0.08,22500
1779519085858,bid,0.05,1900
1779519085858,bid,0.04,56512.5
1779519085858,bid,0.02,8505
1779519085858,bid,0.01,3108.88
1779519085858,ask,0.79,298.47
1779519085858,ask,0.8,15048.76
1779519085858,ask,0.81,9713.57
1779519085858,ask,0.82,3579.5
1779519085858,ask,0.83,7407.99
1779519085858,ask,0.84,7459.19
1779519085858,ask,0.85,8228.59
1779519085858,ask,0.86,9701.44
1779519085858,ask,0.87,2650
1779519085858,ask,0.88,5200
1779519085858,ask,0.89,14255.98
1779519085858,ask,0.9,7332.22
1779519085858,ask,0.91,300
1779519085858,ask,0.92,900
1779519085858,ask,0.93,1561
1779519085858,ask,0.94,3450
1779519085858,ask,0.95,2675
1779519085858,ask,0.96,2543.75
1779519085858,ask,0.97,3647.5
1779519085858,ask,0.98,8780.41
1779519085858,ask,0.99,34195.81
1779519209948,bid,0.79,782.4
1779519209948,bid,0.78,1689.3
1779519209948,bid,0.77,3773.33
1779519209948,bid,0.76,3000
1779519209948,bid,0.75,2200
1779519209948,bid,0.74,13
1779519209948,bid,0.73,1008
1779519209948,bid,0.71,221.99
1779519209948,bid,0.7,298.71
1779519209948,bid,0.69,100
1779519209948,bid,0.68,657.61
1779519209948,bid,0.67,163
1779519209948,bid,0.66,2062.31
1779519209948,bid,0.65,4628.57
1779519209948,bid,0.64,1000
1779519209948,bid,0.63,251
1779519209948,bid,0.62,286.14
1779519209948,bid,0.6,406.66
1779519209948,bid,0.59,3000
1779519209948,bid,0.58,200
1779519209948,bid,0.57,200
1779519209948,bid,0.56,1235.29
1779519209948,bid,0.55,41.27
1779519209948,bid,0.54,3050
1779519209948,bid,0.51,1992.3
1779519209948,bid,0.5,50
1779519209948,bid,0.49,5.58
1779519209948,bid,0.48,50
1779519209948,bid,0.47,300
1779519209948,bid,0.45,499.99
1779519209948,bid,0.44,300
1779519209948,bid,0.4,40
1779519209948,bid,0.39,700
1779519209948,bid,0.37,2324
1779519209948,bid,0.36,600
1779519209948,bid,0.35,3600
1779519209948,bid,0.33,15.15
1779519209948,bid,0.32,2574.8
1779519209948,bid,0.31,322
1779519209948,bid,0.29,1310
1779519209948,bid,0.28,4398.86
1779519209948,bid,0.26,38
1779519209948,bid,0.25,1520
1779519209948,bid,0.24,4166.66
1779519209948,bid,0.23,448.37
1779519209948,bid,0.21,57
1779519209948,bid,0.2,8555
1779519209948,bid,0.19,157.89
1779519209948,bid,0.18,630.21
1779519209948,bid,0.16,8625
1779519209948,bid,0.15,605
1779519209948,bid,0.13,1231.25
1779519209948,bid,0.12,13933.66
1779519209948,bid,0.1,1500
1779519209948,bid,0.09,3504
1779519209948,bid,0.08,22500
1779519209948,bid,0.05,1900
1779519209948,bid,0.04,56512.5
1779519209948,bid,0.02,8505
1779519209948,bid,0.01,3108.88
1779519209948,ask,0.79,298.47
1779519209948,ask,0.8,15414.41
1779519209948,ask,0.81,9547.57
1779519209948,ask,0.82,3579.5
1779519209948,ask,0.83,7407.99
1779519209948,ask,0.84,7459.19
1779519209948,ask,0.85,8228.59
1779519209948,ask,0.86,9701.44
1779519209948,ask,0.87,2650
1779519209948,ask,0.88,5200
1779519209948,ask,0.89,14255.98
1779519209948,ask,0.9,7332.22
1779519209948,ask,0.91,300
1779519209948,ask,0.92,900
1779519209948,ask,0.93,1561
1779519209948,ask,0.94,4783
1779519209948,ask,0.95,2675
1779519209948,ask,0.96,2543.75
1779519209948,ask,0.97,3647.5
1779519209948,ask,0.98,8780.41
1779519209948,ask,0.99,34195.81
1779519334223,bid,0.79,4.47
1779519334223,bid,0.78,3189.98
1779519334223,bid,0.77,5257.08
1779519334223,bid,0.76,7700
1779519334223,bid,0.75,2000
1779519334223,bid,0.74,200
1779519334223,bid,0.73,1008
1779519334223,bid,0.71,221.99
1779519334223,bid,0.7,298.71
1779519334223,bid,0.69,100
1779519334223,bid,0.68,657.61
1779519334223,bid,0.67,163
1779519334223,bid,0.66,160.89
1779519334223,bid,0.65,4428.57
1779519334223,bid,0.64,1000
1779519334223,bid,0.63,251
1779519334223,bid,0.62,286.14
1779519334223,bid,0.61,131
1779519334223,bid,0.6,406.66
1779519334223,bid,0.59,3000
1779519334223,bid,0.58,200
1779519334223,bid,0.57,200
1779519334223,bid,0.56,1235.29
1779519334223,bid,0.55,41.27
1779519334223,bid,0.54,3050
1779519334223,bid,0.51,1992.3
1779519334223,bid,0.5,50
1779519334223,bid,0.49,5.58
1779519334223,bid,0.48,50
1779519334223,bid,0.47,300
1779519334223,bid,0.45,499.99
1779519334223,bid,0.44,300
1779519334223,bid,0.4,40
1779519334223,bid,0.39,700
1779519334223,bid,0.37,600
1779519334223,bid,0.36,2388
1779519334223,bid,0.35,3600
1779519334223,bid,0.33,15.15
1779519334223,bid,0.32,2574.8
1779519334223,bid,0.31,322
1779519334223,bid,0.29,1310
1779519334223,bid,0.28,4398.86
1779519334223,bid,0.26,38
1779519334223,bid,0.24,4166.66
1779519334223,bid,0.23,448.37
1779519334223,bid,0.21,57
1779519334223,bid,0.2,8555
1779519334223,bid,0.19,157.89
1779519334223,bid,0.18,630.21
1779519334223,bid,0.17,1999
1779519334223,bid,0.16,8625
1779519334223,bid,0.15,605
1779519334223,bid,0.13,1231.25
1779519334223,bid,0.12,13933.66
1779519334223,bid,0.1,1500
1779519334223,bid,0.09,3504
1779519334223,bid,0.08,22500
1779519334223,bid,0.05,1900
1779519334223,bid,0.04,56512.5
1779519334223,bid,0.02,8505
1779519334223,bid,0.01,3108.88
1779519334223,ask,0.79,101
1779519334223,ask,0.8,15067.63
1779519334223,ask,0.81,9958.92
1779519334223,ask,0.82,3587.5
1779519334223,ask,0.83,7399.99
1779519334223,ask,0.84,7459.19
1779519334223,ask,0.85,8241.59
1779519334223,ask,0.86,9665.73
1779519334223,ask,0.87,2650
1779519334223,ask,0.88,5200
1779519334223,ask,0.89,14255.98
1779519334223,ask,0.9,8032.22
1779519334223,ask,0.91,300
1779519334223,ask,0.92,700
1779519334223,ask,0.93,1561
1779519334223,ask,0.94,4783
1779519334223,ask,0.95,2675
1779519334223,ask,0.96,2543.75
1779519334223,ask,0.97,3647.5
1779519334223,ask,0.98,8780.41
1779519334223,ask,0.99,25195.81
1779519460530,bid,0.79,4.47
1779519460530,bid,0.78,3041.58
1779519460530,bid,0.77,2358.38
1779519460530,bid,0.76,10320
1779519460530,bid,0.74,200
1779519460530,bid,0.73,1008
1779519460530,bid,0.71,221.99
1779519460530,bid,0.7,298.71
1779519460530,bid,0.69,100
1779519460530,bid,0.68,657.61
1779519460530,bid,0.67,163
1779519460530,bid,0.66,1631.47
1779519460530,bid,0.65,4428.57
1779519460530,bid,0.64,1000
1779519460530,bid,0.63,251
1779519460530,bid,0.62,286.14
1779519460530,bid,0.6,406.66
1779519460530,bid,0.59,3000
1779519460530,bid,0.58,200
1779519460530,bid,0.57,200
1779519460530,bid,0.56,1764.7
1779519460530,bid,0.55,204.27
1779519460530,bid,0.54,3050
1779519460530,bid,0.51,1992.3
1779519460530,bid,0.5,50
1779519460530,bid,0.49,5.58
1779519460530,bid,0.47,300
1779519460530,bid,0.45,499.99
1779519460530,bid,0.44,300
1779519460530,bid,0.4,40
1779519460530,bid,0.39,700
1779519460530,bid,0.37,2324
1779519460530,bid,0.36,300
1779519460530,bid,0.35,3600
1779519460530,bid,0.33,15.15
1779519460530,bid,0.32,2574.8
1779519460530,bid,0.31,322
1779519460530,bid,0.28,4398.86
1779519460530,bid,0.26,38
1779519460530,bid,0.25,1520
1779519460530,bid,0.24,4166.66
1779519460530,bid,0.23,448.37
1779519460530,bid,0.21,57
1779519460530,bid,0.2,8555
1779519460530,bid,0.19,157.89
1779519460530,bid,0.18,630.21
1779519460530,bid,0.16,8625
1779519460530,bid,0.15,605
1779519460530,bid,0.13,1231.25
1779519460530,bid,0.12,13933.66
1779519460530,bid,0.1,1500
1779519460530,bid,0.09,3504
1779519460530,bid,0.08,22500
1779519460530,bid,0.05,1900
1779519460530,bid,0.04,56512.5
1779519460530,bid,0.02,8505
1779519460530,bid,0.01,3108.88
1779519460530,ask,0.79,101
1779519460530,ask,0.8,15061.55
1779519460530,ask,0.81,9958.52
1779519460530,ask,0.82,3387.5
1779519460530,ask,0.83,7399.99
1779519460530,ask,0.84,7472.19
1779519460530,ask,0.85,8494.59
1779519460530,ask,0.86,9665.73
1779519460530,ask,0.87,2650
1779519460530,ask,0.88,5200
1779519460530,ask,0.89,14255.98
1779519460530,ask,0.9,7332.22
1779519460530,ask,0.91,300
1779519460530,ask,0.92,700
1779519460530,ask,0.93,1561
1779519460530,ask,0.94,4783
1779519460530,ask,0.95,2675
1779519460530,ask,0.96,2543.75
1779519460530,ask,0.97,3647.5
1779519460530,ask,0.98,8780.41
1779519460530,ask,0.99,25195.81
1779519817994,bid,0.78,2336.19
1779519817994,bid,0.77,5002.21
1779519817994,bid,0.76,11020
1779519817994,bid,0.75,416
1779519817994,bid,0.73,1008
1779519817994,bid,0.71,21.99
1779519817994,bid,0.7,298.71
1779519817994,bid,0.69,100
1779519817994,bid,0.68,457.61
1779519817994,bid,0.66,1631.47
1779519817994,bid,0.65,4428.57
1779519817994,bid,0.63,51
1779519817994,bid,0.62,286.14
1779519817994,bid,0.61,131
1779519817994,bid,0.6,356.66
1779519817994,bid,0.59,3000
1779519817994,bid,0.58,200
1779519817994,bid,0.57,200
1779519817994,bid,0.56,1764.7
1779519817994,bid,0.55,41.27
1779519817994,bid,0.54,3050
1779519817994,bid,0.51,1992.3
1779519817994,bid,0.5,350
1779519817994,bid,0.49,5.58
1779519817994,bid,0.47,300
1779519817994,bid,0.45,499.99
1779519817994,bid,0.44,300
1779519817994,bid,0.4,40
1779519817994,bid,0.39,700
1779519817994,bid,0.37,600
1779519817994,bid,0.36,2388
1779519817994,bid,0.35,3600
1779519817994,bid,0.33,15.15
1779519817994,bid,0.32,2574.8
1779519817994,bid,0.31,322
1779519817994,bid,0.28,4398.86
1779519817994,bid,0.26,38
1779519817994,bid,0.25,1520
1779519817994,bid,0.24,4166.66
1779519817994,bid,0.23,448.37
1779519817994,bid,0.21,57
1779519817994,bid,0.2,8555
1779519817994,bid,0.19,157.89
1779519817994,bid,0.18,630.21
1779519817994,bid,0.17,1999
1779519817994,bid,0.16,8625
1779519817994,bid,0.15,605
1779519817994,bid,0.13,1231.25
1779519817994,bid,0.12,13933.66
1779519817994,bid,0.1,1500
1779519817994,bid,0.09,3504
1779519817994,bid,0.08,22500
1779519817994,bid,0.05,1900
1779519817994,bid,0.04,56512.5
1779519817994,bid,0.02,8505
1779519817994,bid,0.01,3108.88
1779519817994,ask,0.79,4023.93
1779519817994,ask,0.8,8272.92
1779519817994,ask,0.81,30097.57
1779519817994,ask,0.82,13229.5
1779519817994,ask,0.83,7399.99
1779519817994,ask,0.84,7722.19
1779519817994,ask,0.85,8228.59
1779519817994,ask,0.86,9665.73
1779519817994,ask,0.87,2650
1779519817994,ask,0.88,5200
1779519817994,ask,0.89,14891.98
1779519817994,ask,0.9,7332.22
1779519817994,ask,0.91,300
1779519817994,ask,0.92,700
1779519817994,ask,0.93,1561
1779519817994,ask,0.94,3250
1779519817994,ask,0.95,2475
1779519817994,ask,0.96,2343.75
1779519817994,ask,0.97,3447.5
1779519817994,ask,0.98,8780.41
1779519817994,ask,0.99,40195.81
1779519926945,bid,0.78,2366.19
1779519926945,bid,0.77,4897.08
1779519926945,bid,0.76,11145
1779519926945,bid,0.75,416
1779519926945,bid,0.73,1008
1779519926945,bid,0.71,21.99
1779519926945,bid,0.7,298.71
1779519926945,bid,0.69,100
1779519926945,bid,0.68,457.61
1779519926945,bid,0.67,163
1779519926945,bid,0.66,1631.47
1779519926945,bid,0.65,4428.57
1779519926945,bid,0.63,51
1779519926945,bid,0.62,286.14
1779519926945,bid,0.6,356.66
1779519926945,bid,0.59,3000
1779519926945,bid,0.58,200
1779519926945,bid,0.57,200
1779519926945,bid,0.56,1764.7
1779519926945,bid,0.55,41.27
1779519926945,bid,0.54,3050
1779519926945,bid,0.51,1992.3
1779519926945,bid,0.5,350
1779519926945,bid,0.49,5.58
1779519926945,bid,0.47,300
1779519926945,bid,0.45,499.99
1779519926945,bid,0.44,300
1779519926945,bid,0.4,40
1779519926945,bid,0.39,1300
1779519926945,bid,0.36,2388
1779519926945,bid,0.35,3600
1779519926945,bid,0.33,15.15
1779519926945,bid,0.32,2574.8
1779519926945,bid,0.31,322
1779519926945,bid,0.28,4398.86
1779519926945,bid,0.26,38
1779519926945,bid,0.24,4166.66
1779519926945,bid,0.23,448.37
1779519926945,bid,0.21,57
1779519926945,bid,0.2,8555
1779519926945,bid,0.19,157.89
1779519926945,bid,0.18,630.21
1779519926945,bid,0.17,1999
1779519926945,bid,0.16,8625
1779519926945,bid,0.15,605
1779519926945,bid,0.13,1231.25
1779519926945,bid,0.12,13933.66
1779519926945,bid,0.1,1500
1779519926945,bid,0.09,3504
1779519926945,bid,0.08,22500
1779519926945,bid,0.05,1900
1779519926945,bid,0.04,56512.5
1779519926945,bid,0.02,8505
1779519926945,bid,0.01,3108.88
1779519926945,ask,0.79,4053.78
1779519926945,ask,0.8,8272.87
1779519926945,ask,0.81,30497.57
1779519926945,ask,0.82,3229.5
1779519926945,ask,0.83,7399.99
1779519926945,ask,0.84,7472.19
1779519926945,ask,0.85,8228.59
1779519926945,ask,0.86,9665.73
1779519926945,ask,0.87,2650
1779519926945,ask,0.88,5200
1779519926945,ask,0.89,14255.98
1779519926945,ask,0.9,7332.22
1779519926945,ask,0.91,300
1779519926945,ask,0.92,700
1779519926945,ask,0.93,1561
1779519926945,ask,0.94,4583
1779519926945,ask,0.95,2475
1779519926945,ask,0.96,2343.75
1779519926945,ask,0.97,3447.5
1779519926945,ask,0.98,8780.41
1779519926945,ask,0.99,31195.81
1779520048403,bid,0.78,2021
1779520048403,bid,0.77,5007.25
1779520048403,bid,0.76,10845
1779520048403,bid,0.75,416
1779520048403,bid,0.74,200
1779520048403,bid,0.73,1008
1779520048403,bid,0.71,21.99
1779520048403,bid,0.7,298.71
1779520048403,bid,0.69,100
1779520048403,bid,0.68,457.61
1779520048403,bid,0.66,1631.47
1779520048403,bid,0.65,4428.57
1779520048403,bid,0.63,51
1779520048403,bid,0.62,286.14
1779520048403,bid,0.61,131
1779520048403,bid,0.6,356.66
1779520048403,bid,0.59,3000
1779520048403,bid,0.58,200
1779520048403,bid,0.57,200
1779520048403,bid,0.56,1764.7
1779520048403,bid,0.55,41.27
1779520048403,bid,0.54,3050
1779520048403,bid,0.51,1992.3
1779520048403,bid,0.5,350
1779520048403,bid,0.49,5.58
1779520048403,bid,0.47,300
1779520048403,bid,0.45,499.99
1779520048403,bid,0.44,300
1779520048403,bid,0.4,40
1779520048403,bid,0.39,700
1779520048403,bid,0.37,2324
1779520048403,bid,0.36,600
1779520048403,bid,0.35,3600
1779520048403,bid,0.33,15.15
1779520048403,bid,0.32,2574.8
1779520048403,bid,0.31,322
1779520048403,bid,0.28,4398.86
1779520048403,bid,0.26,38
1779520048403,bid,0.25,1520
1779520048403,bid,0.24,4166.66
1779520048403,bid,0.23,448.37
1779520048403,bid,0.21,57
1779520048403,bid,0.2,8555
1779520048403,bid,0.19,157.89
1779520048403,bid,0.18,630.21
1779520048403,bid,0.17,1999
1779520048403,bid,0.16,8625
1779520048403,bid,0.15,605
1779520048403,bid,0.13,1231.25
1779520048403,bid,0.12,13933.66
1779520048403,bid,0.1,1500
1779520048403,bid,0.09,3504
1779520048403,bid,0.08,22500
1779520048403,bid,0.05,1900
1779520048403,bid,0.04,56512.5
1779520048403,bid,0.02,8505
1779520048403,bid,0.01,3108.88
1779520048403,ask,0.79,3482.94
1779520048403,ask,0.8,8272.49
1779520048403,ask,0.81,30097.57
1779520048403,ask,0.82,12829.5
1779520048403,ask,0.83,7399.99
1779520048403,ask,0.84,7722.19
1779520048403,ask,0.85,8228.59
1779520048403,ask,0.86,9465.73
1779520048403,ask,0.87,2650
1779520048403,ask,0.88,5200
1779520048403,ask,0.89,14891.98
1779520048403,ask,0.9,7332.22
1779520048403,ask,0.91,300
1779520048403,ask,0.92,700
1779520048403,ask,0.93,1561
1779520048403,ask,0.94,4583
1779520048403,ask,0.95,2475
1779520048403,ask,0.96,2343.75
1779520048403,ask,0.97,3447.5
1779520048403,ask,0.98,8780.41
1779520048403,ask,0.99,31195.81
1779520168390,bid,0.78,2013.35
1779520168390,bid,0.77,5003.19
1779520168390,bid,0.76,10845
1779520168390,bid,0.75,416
1779520168390,bid,0.74,200
1779520168390,bid,0.73,1008
1779520168390,bid,0.71,21.99
1779520168390,bid,0.7,298.71
1779520168390,bid,0.69,100
1779520168390,bid,0.68,457.61
1779520168390,bid,0.67,104
1779520168390,bid,0.66,1631.47
1779520168390,bid,0.65,4428.57
1779520168390,bid,0.63,51
1779520168390,bid,0.62,286.14
1779520168390,bid,0.6,356.66
1779520168390,bid,0.59,3000
1779520168390,bid,0.58,200
1779520168390,bid,0.57,200
1779520168390,bid,0.56,1764.7
1779520168390,bid,0.55,41.27
1779520168390,bid,0.54,3050
1779520168390,bid,0.51,1992.3
1779520168390,bid,0.5,350
1779520168390,bid,0.49,5.58
1779520168390,bid,0.47,300
1779520168390,bid,0.45,499.99
1779520168390,bid,0.44,300
1779520168390,bid,0.4,40
1779520168390,bid,0.39,700
1779520168390,bid,0.37,300
1779520168390,bid,0.36,2688
1779520168390,bid,0.35,3600
1779520168390,bid,0.33,15.15
1779520168390,bid,0.32,2574.8
1779520168390,bid,0.31,322
1779520168390,bid,0.28,4398.86
1779520168390,bid,0.26,38
1779520168390,bid,0.25,1520
1779520168390,bid,0.24,4166.66
1779520168390,bid,0.23,448.37
1779520168390,bid,0.21,57
1779520168390,bid,0.2,8555
1779520168390,bid,0.19,157.89
1779520168390,bid,0.18,630.21
1779520168390,bid,0.17,1999
1779520168390,bid,0.16,8625
1779520168390,bid,0.15,605
1779520168390,bid,0.13,1231.25
1779520168390,bid,0.12,13933.66
1779520168390,bid,0.1,1500
1779520168390,bid,0.09,3504
1779520168390,bid,0.08,22500
1779520168390,bid,0.05,1900
1779520168390,bid,0.04,56512.5
1779520168390,bid,0.02,8505
1779520168390,bid,0.01,3108.88
1779520168390,ask,0.79,3569.7
1779520168390,ask,0.8,8427.4
1779520168390,ask,0.81,32005.57
1779520168390,ask,0.82,13029.5
1779520168390,ask,0.83,7399.99
1779520168390,ask,0.84,7722.19
1779520168390,ask,0.85,8228.59
1779520168390,ask,0.86,9465.73
1779520168390,ask,0.87,2650
1779520168390,ask,0.88,5200
1779520168390,ask,0.89,14891.98
1779520168390,ask,0.9,7332.22
1779520168390,ask,0.91,300
1779520168390,ask,0.92,700
1779520168390,ask,0.93,1561
1779520168390,ask,0.94,4583
1779520168390,ask,0.95,2475
1779520168390,ask,0.96,2343.75
1779520168390,ask,0.97,3447.5
1779520168390,ask,0.98,8780.41
1779520168390,ask,0.99,31195.81
1779520538467,bid,0.79,12.46
1779520538467,bid,0.78,2085.14
1779520538467,bid,0.77,4897.08
1779520538467,bid,0.76,10845
1779520538467,bid,0.75,416
1779520538467,bid,0.74,400
1779520538467,bid,0.73,1208
1779520538467,bid,0.72,200
1779520538467,bid,0.71,221.99
1779520538467,bid,0.7,498.71
1779520538467,bid,0.69,100
1779520538467,bid,0.68,457.61
1779520538467,bid,0.67,163
1779520538467,bid,0.66,1631.47
1779520538467,bid,0.65,4428.57
1779520538467,bid,0.63,51
1779520538467,bid,0.62,286.14
1779520538467,bid,0.6,356.66
1779520538467,bid,0.59,3000
1779520538467,bid,0.58,200
1779520538467,bid,0.57,200
1779520538467,bid,0.56,1764.7
1779520538467,bid,0.55,204.27
1779520538467,bid,0.54,3050
1779520538467,bid,0.51,1992.3
1779520538467,bid,0.5,350
1779520538467,bid,0.49,5.58
1779520538467,bid,0.47,300
1779520538467,bid,0.45,499.99
1779520538467,bid,0.44,300
1779520538467,bid,0.4,40
1779520538467,bid,0.39,700
1779520538467,bid,0.37,2324
1779520538467,bid,0.36,600
1779520538467,bid,0.35,3600
1779520538467,bid,0.33,15.15
1779520538467,bid,0.32,2574.8
1779520538467,bid,0.31,322
1779520538467,bid,0.29,1310
1779520538467,bid,0.28,4398.86
1779520538467,bid,0.26,38
1779520538467,bid,0.24,4166.66
1779520538467,bid,0.23,448.37
1779520538467,bid,0.21,57
1779520538467,bid,0.2,8555
1779520538467,bid,0.19,157.89
1779520538467,bid,0.18,630.21
1779520538467,bid,0.17,1999
1779520538467,bid,0.16,8625
1779520538467,bid,0.15,605
1779520538467,bid,0.13,1231.25
1779520538467,bid,0.12,13933.66
1779520538467,bid,0.1,1500
1779520538467,bid,0.09,9000
1779520538467,bid,0.08,22500
1779520538467,bid,0.05,1900
1779520538467,bid,0.04,56512.5
1779520538467,bid,0.02,8505
1779520538467,bid,0.01,3108.88
1779520538467,ask,0.8,19472.88
1779520538467,ask,0.81,9747.57
1779520538467,ask,0.82,3187.75
1779520538467,ask,0.83,2400
1779520538467,ask,0.84,7459.19
1779520538467,ask,0.85,8241.59
1779520538467,ask,0.86,9465.73
1779520538467,ask,0.87,2650
1779520538467,ask,0.88,5200
1779520538467,ask,0.89,14255.98
1779520538467,ask,0.9,4532.22
1779520538467,ask,0.91,1277
1779520538467,ask,0.92,900
1779520538467,ask,0.93,1561
1779520538467,ask,0.94,3450
1779520538467,ask,0.95,2675
1779520538467,ask,0.96,2343.75
1779520538467,ask,0.97,3447.5
1779520538467,ask,0.98,8780.41
1779520538467,ask,0.99,28195.81
1779520664556,bid,0.79,12.78
1779520664556,bid,0.78,2309.69
1779520664556,bid,0.77,4902.59
1779520664556,bid,0.76,10045
1779520664556,bid,0.75,416
1779520664556,bid,0.74,400
1779520664556,bid,0.73,1208
1779520664556,bid,0.72,200
1779520664556,bid,0.71,221.99
1779520664556,bid,0.7,498.71
1779520664556,bid,0.69,100
1779520664556,bid,0.68,457.61
1779520664556,bid,0.67,104
1779520664556,bid,0.66,1631.47
1779520664556,bid,0.65,4428.57
1779520664556,bid,0.63,51
1779520664556,bid,0.62,286.14
1779520664556,bid,0.61,131
1779520664556,bid,0.6,356.66
1779520664556,bid,0.59,3000
1779520664556,bid,0.58,200
1779520664556,bid,0.57,200
1779520664556,bid,0.56,1764.7
1779520664556,bid,0.55,204.27
1779520664556,bid,0.54,3050
1779520664556,bid,0.51,1992.3
1779520664556,bid,0.5,350
1779520664556,bid,0.49,5.58
1779520664556,bid,0.47,300
1779520664556,bid,0.45,499.99
1779520664556,bid,0.44,300
1779520664556,bid,0.4,40
1779520664556,bid,0.39,700
1779520664556,bid,0.37,300
1779520664556,bid,0.36,2388
1779520664556,bid,0.35,3600
1779520664556,bid,0.33,15.15
1779520664556,bid,0.32,2574.8
1779520664556,bid,0.31,322
1779520664556,bid,0.28,4398.86
1779520664556,bid,0.26,38
1779520664556,bid,0.25,1520
1779520664556,bid,0.24,4166.66
1779520664556,bid,0.23,448.37
1779520664556,bid,0.21,57
1779520664556,bid,0.2,8555
1779520664556,bid,0.19,157.89
1779520664556,bid,0.18,630.21
1779520664556,bid,0.17,1999
1779520664556,bid,0.16,8625
1779520664556,bid,0.15,605
1779520664556,bid,0.13,1231.25
1779520664556,bid,0.12,13933.66
1779520664556,bid,0.1,1500
1779520664556,bid,0.09,9000
1779520664556,bid,0.08,22500
1779520664556,bid,0.05,1900
1779520664556,bid,0.04,56512.5
1779520664556,bid,0.02,8505
1779520664556,bid,0.01,3108.88
1779520664556,ask,0.79,139.92
1779520664556,ask,0.8,19112.49
1779520664556,ask,0.81,33118.57
1779520664556,ask,0.82,3179.75
1779520664556,ask,0.83,2400
1779520664556,ask,0.84,7722.19
1779520664556,ask,0.85,8261.92
1779520664556,ask,0.86,9465.73
1779520664556,ask,0.87,2650
1779520664556,ask,0.88,5200
1779520664556,ask,0.89,14891.98
1779520664556,ask,0.9,5232.22
1779520664556,ask,0.91,500
1779520664556,ask,0.92,900
1779520664556,ask,0.93,1561
1779520664556,ask,0.94,4783
1779520664556,ask,0.95,2675
1779520664556,ask,0.96,2343.75
1779520664556,ask,0.97,3447.5
1779520664556,ask,0.98,8780.41
1779520664556,ask,0.99,37195.81
1779520783565,bid,0.79,12.78
1779520783565,bid,0.78,1896.41
1779520783565,bid,0.77,7005.28
1779520783565,bid,0.76,10045
1779520783565,bid,0.75,416
1779520783565,bid,0.74,413
1779520783565,bid,0.73,1208
1779520783565,bid,0.72,200
1779520783565,bid,0.71,221.99
1779520783565,bid,0.7,498.71
1779520783565,bid,0.69,100
1779520783565,bid,0.68,457.61
1779520783565,bid,0.66,326.89
1779520783565,bid,0.65,3000
1779520783565,bid,0.63,51
1779520783565,bid,0.62,286.14
1779520783565,bid,0.61,131
1779520783565,bid,0.6,356.66
1779520783565,bid,0.59,4428.57
1779520783565,bid,0.58,200
1779520783565,bid,0.57,200
1779520783565,bid,0.56,1764.7
1779520783565,bid,0.55,204.27
1779520783565,bid,0.54,3050
1779520783565,bid,0.51,1992.3
1779520783565,bid,0.5,350
1779520783565,bid,0.49,5.58
1779520783565,bid,0.47,300
1779520783565,bid,0.45,499.99
1779520783565,bid,0.44,300
1779520783565,bid,0.4,40
1779520783565,bid,0.39,700
1779520783565,bid,0.37,600
1779520783565,bid,0.36,2388
1779520783565,bid,0.35,3600
1779520783565,bid,0.33,15.15
1779520783565,bid,0.32,2574.8
1779520783565,bid,0.31,322
1779520783565,bid,0.28,4398.86
1779520783565,bid,0.26,38
1779520783565,bid,0.25,1520
1779520783565,bid,0.24,4166.66
1779520783565,bid,0.23,448.37
1779520783565,bid,0.21,57
1779520783565,bid,0.2,8555
1779520783565,bid,0.19,157.89
1779520783565,bid,0.18,630.21
1779520783565,bid,0.17,1999
1779520783565,bid,0.16,8625
1779520783565,bid,0.15,605
1779520783565,bid,0.13,1231.25
1779520783565,bid,0.12,13933.66
1779520783565,bid,0.1,1500
1779520783565,bid,0.09,9000
1779520783565,bid,0.08,22500
1779520783565,bid,0.05,1900
1779520783565,bid,0.04,56512.5
1779520783565,bid,0.02,8505
1779520783565,bid,0.01,3108.88
1779520783565,ask,0.79,125.07
1779520783565,ask,0.8,19110.35
1779520783565,ask,0.81,33339.57
1779520783565,ask,0.82,3387.75
1779520783565,ask,0.83,2400
1779520783565,ask,0.84,7722.19
1779520783565,ask,0.85,8261.92
1779520783565,ask,0.86,9465.73
1779520783565,ask,0.87,2650
1779520783565,ask,0.88,5200
1779520783565,ask,0.89,14891.98
1779520783565,ask,0.9,5232.22
1779520783565,ask,0.91,500
1779520783565,ask,0.92,900
1779520783565,ask,0.93,1561
1779520783565,ask,0.94,4783
1779520783565,ask,0.95,2675
1779520783565,ask,0.96,2343.75
1779520783565,ask,0.97,3447.5
1779520783565,ask,0.98,8780.41
1779520783565,ask,0.99,34195.81
1779520907946,bid,0.79,12.78
1779520907946,bid,0.78,1396.41
1779520907946,bid,0.77,7003.87
1779520907946,bid,0.76,10045
1779520907946,bid,0.75,416
1779520907946,bid,0.74,413
1779520907946,bid,0.73,1208
1779520907946,bid,0.72,200
1779520907946,bid,0.71,221.99
1779520907946,bid,0.7,498.71
1779520907946,bid,0.69,100
1779520907946,bid,0.68,457.61
1779520907946,bid,0.66,266.89
1779520907946,bid,0.65,3000
1779520907946,bid,0.63,51
1779520907946,bid,0.62,286.14
1779520907946,bid,0.61,131
1779520907946,bid,0.6,356.66
1779520907946,bid,0.59,3000
1779520907946,bid,0.58,1670.59
1779520907946,bid,0.57,1628.57
1779520907946,bid,0.56,1764.7
1779520907946,bid,0.55,41.27
1779520907946,bid,0.54,3050
1779520907946,bid,0.51,1992.3
1779520907946,bid,0.5,350
1779520907946,bid,0.49,5.58
1779520907946,bid,0.47,300
1779520907946,bid,0.45,499.99
1779520907946,bid,0.44,300
1779520907946,bid,0.4,40
1779520907946,bid,0.39,700
1779520907946,bid,0.37,2924
1779520907946,bid,0.35,3600
1779520907946,bid,0.33,15.15
1779520907946,bid,0.32,2574.8
1779520907946,bid,0.31,322
1779520907946,bid,0.28,4398.86
1779520907946,bid,0.26,38
1779520907946,bid,0.25,1520
1779520907946,bid,0.24,4166.66
1779520907946,bid,0.23,448.37
1779520907946,bid,0.21,57
1779520907946,bid,0.2,8555
1779520907946,bid,0.19,157.89
1779520907946,bid,0.18,630.21
1779520907946,bid,0.17,1999
1779520907946,bid,0.16,8625
1779520907946,bid,0.15,605
1779520907946,bid,0.13,1231.25
1779520907946,bid,0.12,13933.66
1779520907946,bid,0.1,1500
1779520907946,bid,0.08,22500
1779520907946,bid,0.05,1900
1779520907946,bid,0.04,56512.5
1779520907946,bid,0.02,8505
1779520907946,bid,0.01,3108.88
1779520907946,ask,0.79,409.14
1779520907946,ask,0.8,19113.13
1779520907946,ask,0.81,34623.57
1779520907946,ask,0.82,3387.75
1779520907946,ask,0.83,2400
1779520907946,ask,0.84,7709.19
1779520907946,ask,0.85,8228.59
1779520907946,ask,0.86,9465.73
1779520907946,ask,0.87,2650
1779520907946,ask,0.88,5200
1779520907946,ask,0.89,14891.98
1779520907946,ask,0.9,5232.22
1779520907946,ask,0.91,500
1779520907946,ask,0.92,900
1779520907946,ask,0.93,1561
1779520907946,ask,0.94,4783
1779520907946,ask,0.95,2675
1779520907946,ask,0.96,2343.75
1779520907946,ask,0.97,3447.5
1779520907946,ask,0.98,18711.47
1779520907946,ask,0.99,43195.81
1779521029321,bid,0.79,12.46
1779521029321,bid,0.78,1396.41
1779521029321,bid,0.77,14.77
1779521029321,bid,0.76,9880.85
1779521029321,bid,0.75,1016
1779521029321,bid,0.74,600
1779521029321,bid,0.73,1208
1779521029321,bid,0.72,200
1779521029321,bid,0.71,221.99
1779521029321,bid,0.7,498.71
1779521029321,bid,0.69,100
1779521029321,bid,0.68,299.98
1779521029321,bid,0.66,326.89
1779521029321,bid,0.65,4428.57
1779521029321,bid,0.63,51
1779521029321,bid,0.62,286.14
1779521029321,bid,0.61,131
1779521029321,bid,0.6,356.66
1779521029321,bid,0.59,3000
1779521029321,bid,0.58,1670.59
1779521029321,bid,0.57,200
1779521029321,bid,0.56,1764.7
1779521029321,bid,0.55,41.27
1779521029321,bid,0.54,3050
1779521029321,bid,0.51,4033.11
1779521029321,bid,0.5,350
1779521029321,bid,0.49,5.58
1779521029321,bid,0.47,300
1779521029321,bid,0.45,499.99
1779521029321,bid,0.44,300
1779521029321,bid,0.4,40
1779521029321,bid,0.39,700
1779521029321,bid,0.37,1135
1779521029321,bid,0.36,600
1779521029321,bid,0.35,3600
1779521029321,bid,0.33,15.15
1779521029321,bid,0.32,2574.8
1779521029321,bid,0.31,322
1779521029321,bid,0.29,1310
1779521029321,bid,0.28,4398.86
1779521029321,bid,0.26,38
1779521029321,bid,0.25,1520
1779521029321,bid,0.24,4166.66
1779521029321,bid,0.23,448.37
1779521029321,bid,0.21,57
1779521029321,bid,0.2,8555
1779521029321,bid,0.19,157.89
1779521029321,bid,0.18,630.21
1779521029321,bid,0.16,8625
1779521029321,bid,0.15,605
1779521029321,bid,0.13,1231.25
1779521029321,bid,0.12,13933.66
1779521029321,bid,0.1,1500
1779521029321,bid,0.09,9000
1779521029321,bid,0.08,22500
1779521029321,bid,0.05,1900
1779521029321,bid,0.04,56512.5
1779521029321,bid,0.02,8505
1779521029321,bid,0.01,3108.88
1779521029321,ask,0.78,112.02
1779521029321,ask,0.79,2408.61
1779521029321,ask,0.8,28244.37
1779521029321,ask,0.81,9913.57
1779521029321,ask,0.82,3192.75
1779521029321,ask,0.83,2400
1779521029321,ask,0.84,7709.19
1779521029321,ask,0.85,8228.59
1779521029321,ask,0.86,9465.73
1779521029321,ask,0.87,2650
1779521029321,ask,0.88,5200
1779521029321,ask,0.89,14891.98
1779521029321,ask,0.9,4532.22
1779521029321,ask,0.91,1721
1779521029321,ask,0.92,900
1779521029321,ask,0.93,2703
1779521029321,ask,0.94,3450
1779521029321,ask,0.95,2675
1779521029321,ask,0.96,2343.75
1779521029321,ask,0.97,3447.5
1779521029321,ask,0.98,8780.41
1779521029321,ask,0.99,43195.81
1779521403489,bid,0.76,1449.45
1779521403489,bid,0.75,2980.77
1779521403489,bid,0.74,2100
1779521403489,bid,0.73,1463.11
1779521403489,bid,0.72,200
1779521403489,bid,0.71,221.99
1779521403489,bid,0.7,698.71
1779521403489,bid,0.69,100
1779521403489,bid,0.68,299.98
1779521403489,bid,0.66,2160.89
1779521403489,bid,0.65,4428.57
1779521403489,bid,0.63,51
1779521403489,bid,0.62,286.14
1779521403489,bid,0.61,245
1779521403489,bid,0.6,356.66
1779521403489,bid,0.59,4219.51
1779521403489,bid,0.58,200
1779521403489,bid,0.57,200
1779521403489,bid,0.56,1235.29
1779521403489,bid,0.55,41.27
1779521403489,bid,0.54,1800
1779521403489,bid,0.51,1992.3
1779521403489,bid,0.5,350
1779521403489,bid,0.49,5.58
1779521403489,bid,0.47,300
1779521403489,bid,0.46,913
1779521403489,bid,0.45,647.3
1779521403489,bid,0.44,2085.71
1779521403489,bid,0.4,40
1779521403489,bid,0.39,1000
1779521403489,bid,0.36,1522
1779521403489,bid,0.35,3600
1779521403489,bid,0.33,15.15
1779521403489,bid,0.32,2574.8
1779521403489,bid,0.31,322
1779521403489,bid,0.28,4398.86
1779521403489,bid,0.26,38
1779521403489,bid,0.24,4166.66
1779521403489,bid,0.23,448.37
1779521403489,bid,0.21,57
1779521403489,bid,0.2,8555
1779521403489,bid,0.19,157.89
1779521403489,bid,0.18,630.21
1779521403489,bid,0.16,8625
1779521403489,bid,0.15,605
1779521403489,bid,0.13,3846.25
1779521403489,bid,0.12,13933.66
1779521403489,bid,0.1,1500
1779521403489,bid,0.09,9000
1779521403489,bid,0.08,22500
1779521403489,bid,0.05,1900
1779521403489,bid,0.04,56512.5
1779521403489,bid,0.02,8505
1779521403489,bid,0.01,3108.88
1779521403489,ask,0.77,2255.87
1779521403489,ask,0.78,573.77
1779521403489,ask,0.79,10755.32
1779521403489,ask,0.8,19286.5
1779521403489,ask,0.81,9360.57
1779521403489,ask,0.82,2851.5
1779521403489,ask,0.83,2400
1779521403489,ask,0.84,7459.19
1779521403489,ask,0.85,8228.59
1779521403489,ask,0.86,9465.73
1779521403489,ask,0.87,3188
1779521403489,ask,0.88,5200
1779521403489,ask,0.89,14255.98
1779521403489,ask,0.9,4532.22
1779521403489,ask,0.91,500
1779521403489,ask,0.92,2450.25
1779521403489,ask,0.93,1561
1779521403489,ask,0.94,3450
1779521403489,ask,0.95,2675
1779521403489,ask,0.96,2343.75
1779521403489,ask,0.97,3447.5
1779521403489,ask,0.98,8780.41
1779521403489,ask,0.99,36195.81
1779521512920,bid,0.76,1449.45
1779521512920,bid,0.75,3179.93
1779521512920,bid,0.74,2100
1779521512920,bid,0.73,1463.11
1779521512920,bid,0.72,200
1779521512920,bid,0.71,221.99
1779521512920,bid,0.7,698.71
1779521512920,bid,0.69,100
1779521512920,bid,0.68,299.98
1779521512920,bid,0.67,59
1779521512920,bid,0.66,2160.89
1779521512920,bid,0.65,4428.57
1779521512920,bid,0.63,51
1779521512920,bid,0.62,286.14
1779521512920,bid,0.61,245
1779521512920,bid,0.6,356.66
1779521512920,bid,0.59,4219.51
1779521512920,bid,0.58,200
1779521512920,bid,0.57,200
1779521512920,bid,0.56,1235.29
1779521512920,bid,0.55,41.27
1779521512920,bid,0.54,1800
1779521512920,bid,0.51,1992.3
1779521512920,bid,0.5,350
1779521512920,bid,0.49,5.58
1779521512920,bid,0.47,300
1779521512920,bid,0.46,913
1779521512920,bid,0.45,647.3
1779521512920,bid,0.44,2085.71
1779521512920,bid,0.4,40
1779521512920,bid,0.39,700
1779521512920,bid,0.36,600
1779521512920,bid,0.35,3600
1779521512920,bid,0.33,15.15
1779521512920,bid,0.32,2574.8
1779521512920,bid,0.31,322
1779521512920,bid,0.29,1517
1779521512920,bid,0.28,4398.86
1779521512920,bid,0.26,38
1779521512920,bid,0.25,1520
1779521512920,bid,0.24,4166.66
1779521512920,bid,0.23,448.37
1779521512920,bid,0.21,57
1779521512920,bid,0.2,8555
1779521512920,bid,0.19,157.89
1779521512920,bid,0.18,630.21
1779521512920,bid,0.16,8625
1779521512920,bid,0.15,605
1779521512920,bid,0.13,3846.25
1779521512920,bid,0.12,13933.66
1779521512920,bid,0.1,1500
1779521512920,bid,0.09,9000
1779521512920,bid,0.08,22500
1779521512920,bid,0.05,1900
1779521512920,bid,0.04,56512.5
1779521512920,bid,0.02,8505
1779521512920,bid,0.01,3108.88
1779521512920,ask,0.77,2255.87
1779521512920,ask,0.78,1776.2
1779521512920,ask,0.79,11155.32
1779521512920,ask,0.8,18590.5
1779521512920,ask,0.81,8860.57
1779521512920,ask,0.82,2851.5
1779521512920,ask,0.83,2400
1779521512920,ask,0.84,7459.19
1779521512920,ask,0.85,8228.59
1779521512920,ask,0.86,9465.73
1779521512920,ask,0.87,2188
1779521512920,ask,0.88,4000
1779521512920,ask,0.89,14255.98
1779521512920,ask,0.9,4532.22
1779521512920,ask,0.91,500
1779521512920,ask,0.92,2450.25
1779521512920,ask,0.93,1561
1779521512920,ask,0.94,3450
1779521512920,ask,0.95,2675
1779521512920,ask,0.96,2343.75
1779521512920,ask,0.97,3447.5
1779521512920,ask,0.98,8780.41
1779521512920,ask,0.99,36195.81
1779521627786,bid,0.76,1449.45
1779521627786,bid,0.75,3182.32
1779521627786,bid,0.74,2100
1779521627786,bid,0.73,1463.11
1779521627786,bid,0.72,200
1779521627786,bid,0.71,221.99
1779521627786,bid,0.7,698.71
1779521627786,bid,0.69,100
1779521627786,bid,0.68,299.98
1779521627786,bid,0.67,59
1779521627786,bid,0.66,2160.89
1779521627786,bid,0.65,4428.57
1779521627786,bid,0.63,51
1779521627786,bid,0.62,286.14
1779521627786,bid,0.61,131
1779521627786,bid,0.6,356.66
1779521627786,bid,0.59,4219.51
1779521627786,bid,0.58,200
1779521627786,bid,0.57,200
1779521627786,bid,0.56,1235.29
1779521627786,bid,0.55,41.27
1779521627786,bid,0.54,1800
1779521627786,bid,0.51,1992.3
1779521627786,bid,0.5,350
1779521627786,bid,0.49,5.58
1779521627786,bid,0.47,300
1779521627786,bid,0.46,913
1779521627786,bid,0.45,647.3
1779521627786,bid,0.44,2085.71
1779521627786,bid,0.4,40
1779521627786,bid,0.39,700
1779521627786,bid,0.36,1822
1779521627786,bid,0.35,3600
1779521627786,bid,0.33,15.15
1779521627786,bid,0.32,2574.8
1779521627786,bid,0.31,322
1779521627786,bid,0.28,4398.86
1779521627786,bid,0.26,38
1779521627786,bid,0.25,1520
1779521627786,bid,0.24,4166.66
1779521627786,bid,0.23,448.37
1779521627786,bid,0.21,57
1779521627786,bid,0.2,8555
1779521627786,bid,0.19,157.89
1779521627786,bid,0.18,630.21
1779521627786,bid,0.16,8625
1779521627786,bid,0.15,605
1779521627786,bid,0.13,3846.25
1779521627786,bid,0.12,13933.66
1779521627786,bid,0.1,1500
1779521627786,bid,0.09,9000
1779521627786,bid,0.08,22500
1779521627786,bid,0.05,1900
1779521627786,bid,0.04,56512.5
1779521627786,bid,0.02,8505
1779521627786,bid,0.01,3108.88
1779521627786,ask,0.77,2164.96
1779521627786,ask,0.78,1973.81
1779521627786,ask,0.79,11748.1
1779521627786,ask,0.8,18390.5
1779521627786,ask,0.81,8860.57
1779521627786,ask,0.82,2851.5
1779521627786,ask,0.83,2400
1779521627786,ask,0.84,7490.44
1779521627786,ask,0.85,8228.59
1779521627786,ask,0.86,9465.73
1779521627786,ask,0.87,2188
1779521627786,ask,0.88,4000
1779521627786,ask,0.89,14255.98
1779521627786,ask,0.9,4532.22
1779521627786,ask,0.91,500
1779521627786,ask,0.92,2450.25
1779521627786,ask,0.93,1561
1779521627786,ask,0.94,3450
1779521627786,ask,0.95,2675
1779521627786,ask,0.96,2343.75
1779521627786,ask,0.97,6447.5
1779521627786,ask,0.98,8780.41
1779521627786,ask,0.99,36195.81
1779521740180,bid,0.76,1400
1779521740180,bid,0.75,3146
1779521740180,bid,0.74,2100
1779521740180,bid,0.73,1463.11
1779521740180,bid,0.72,200
1779521740180,bid,0.71,221.99
1779521740180,bid,0.7,928.71
1779521740180,bid,0.69,300
1779521740180,bid,0.68,299.98
1779521740180,bid,0.67,59
1779521740180,bid,0.66,2160.89
1779521740180,bid,0.65,4428.57
1779521740180,bid,0.63,51
1779521740180,bid,0.62,286.14
1779521740180,bid,0.61,131
1779521740180,bid,0.6,356.66
1779521740180,bid,0.59,4219.51
1779521740180,bid,0.58,200
1779521740180,bid,0.57,200
1779521740180,bid,0.56,1235.29
1779521740180,bid,0.55,41.27
1779521740180,bid,0.54,1800
1779521740180,bid,0.51,1992.3
1779521740180,bid,0.5,350
1779521740180,bid,0.49,5.58
1779521740180,bid,0.47,300
1779521740180,bid,0.46,913
1779521740180,bid,0.45,647.3
1779521740180,bid,0.44,2085.71
1779521740180,bid,0.4,40
1779521740180,bid,0.39,1000
1779521740180,bid,0.36,1522
1779521740180,bid,0.35,3600
1779521740180,bid,0.33,15.15
1779521740180,bid,0.32,2574.8
1779521740180,bid,0.31,322
1779521740180,bid,0.28,4398.86
1779521740180,bid,0.26,38
1779521740180,bid,0.25,1520
1779521740180,bid,0.24,4166.66
1779521740180,bid,0.23,448.37
1779521740180,bid,0.21,57
1779521740180,bid,0.2,8555
1779521740180,bid,0.19,157.89
1779521740180,bid,0.18,630.21
1779521740180,bid,0.16,8625
1779521740180,bid,0.15,605
1779521740180,bid,0.13,3846.25
1779521740180,bid,0.12,13933.66
1779521740180,bid,0.1,1500
1779521740180,bid,0.09,9000
1779521740180,bid,0.08,22500
1779521740180,bid,0.05,1900
1779521740180,bid,0.04,56512.5
1779521740180,bid,0.02,8505
1779521740180,bid,0.01,3108.88
1779521740180,ask,0.77,2194.96
1779521740180,ask,0.78,1928.02
1779521740180,ask,0.79,11648.1
1779521740180,ask,0.8,19336.39
1779521740180,ask,0.81,8860.57
1779521740180,ask,0.82,2851.5
1779521740180,ask,0.83,2400
1779521740180,ask,0.84,7490.44
1779521740180,ask,0.85,8228.59
1779521740180,ask,0.86,9465.73
1779521740180,ask,0.87,1650
1779521740180,ask,0.88,4000
1779521740180,ask,0.89,14255.98
1779521740180,ask,0.9,4532.22
1779521740180,ask,0.91,500
1779521740180,ask,0.92,2450.25
1779521740180,ask,0.93,1561
1779521740180,ask,0.94,3450
1779521740180,ask,0.95,2675
1779521740180,ask,0.96,2343.75
1779521740180,ask,0.97,6447.5
1779521740180,ask,0.98,9634.52
1779521740180,ask,0.99,36195.81
1779522114551,bid,0.76,330.66
1779522114551,bid,0.75,3208.55
1779522114551,bid,0.74,2290
1779522114551,bid,0.73,1463.11
1779522114551,bid,0.72,200
1779522114551,bid,0.71,221.99
1779522114551,bid,0.7,928.71
1779522114551,bid,0.69,300
1779522114551,bid,0.68,299.98
1779522114551,bid,0.66,2160.89
1779522114551,bid,0.65,4428.57
1779522114551,bid,0.63,51
1779522114551,bid,0.62,286.14
1779522114551,bid,0.61,131
1779522114551,bid,0.6,356.66
1779522114551,bid,0.59,4219.51
1779522114551,bid,0.58,200
1779522114551,bid,0.57,200
1779522114551,bid,0.56,1235.29
1779522114551,bid,0.55,204.27
1779522114551,bid,0.54,1800
1779522114551,bid,0.51,1992.3
1779522114551,bid,0.5,350
1779522114551,bid,0.49,5.58
1779522114551,bid,0.47,300
1779522114551,bid,0.46,913
1779522114551,bid,0.45,647.3
1779522114551,bid,0.44,2085.71
1779522114551,bid,0.4,40
1779522114551,bid,0.39,1000
1779522114551,bid,0.36,300
1779522114551,bid,0.35,3600
1779522114551,bid,0.33,15.15
1779522114551,bid,0.32,2574.8
1779522114551,bid,0.31,322
1779522114551,bid,0.29,1517
1779522114551,bid,0.28,4398.86
1779522114551,bid,0.26,38
1779522114551,bid,0.25,1520
1779522114551,bid,0.24,4166.66
1779522114551,bid,0.23,448.37
1779522114551,bid,0.21,57
1779522114551,bid,0.2,8555
1779522114551,bid,0.19,157.89
1779522114551,bid,0.18,630.21
1779522114551,bid,0.16,8625
1779522114551,bid,0.15,605
1779522114551,bid,0.13,3846.25
1779522114551,bid,0.12,13933.66
1779522114551,bid,0.1,1500
1779522114551,bid,0.09,9000
1779522114551,bid,0.08,22500
1779522114551,bid,0.05,1900
1779522114551,bid,0.04,56512.5
1779522114551,bid,0.02,8505
1779522114551,bid,0.01,3108.88
1779522114551,ask,0.77,2487.7
1779522114551,ask,0.78,2875.94
1779522114551,ask,0.79,13202.3
1779522114551,ask,0.8,21641.39
1779522114551,ask,0.81,8860.57
1779522114551,ask,0.82,2851.5
1779522114551,ask,0.83,2400
1779522114551,ask,0.84,6231.25
1779522114551,ask,0.85,8228.59
1779522114551,ask,0.86,9465.73
1779522114551,ask,0.87,2188
1779522114551,ask,0.88,4000
1779522114551,ask,0.89,14255.98
1779522114551,ask,0.9,4532.22
1779522114551,ask,0.91,500
1779522114551,ask,0.92,1450.25
1779522114551,ask,0.93,1561
1779522114551,ask,0.94,3450
1779522114551,ask,0.95,2675
1779522114551,ask,0.96,2343.75
1779522114551,ask,0.97,6447.5
1779522114551,ask,0.98,8780.41
1779522114551,ask,0.99,36195.81
1779522247416,bid,0.76,81.53
1779522247416,bid,0.75,355.89
1779522247416,bid,0.74,267.56
1779522247416,bid,0.73,571.48
1779522247416,bid,0.72,1200
1779522247416,bid,0.71,1221.99
1779522247416,bid,0.7,928.71
1779522247416,bid,0.69,300
1779522247416,bid,0.68,499.98
1779522247416,bid,0.67,1064.35
1779522247416,bid,0.66,3360.89
1779522247416,bid,0.65,4428.57
1779522247416,bid,0.63,51
1779522247416,bid,0.62,286.14
1779522247416,bid,0.61,65
1779522247416,bid,0.6,2044.46
1779522247416,bid,0.59,4219.51
1779522247416,bid,0.58,200
1779522247416,bid,0.57,200
1779522247416,bid,0.56,1235.29
1779522247416,bid,0.55,41.27
1779522247416,bid,0.54,1800
1779522247416,bid,0.51,2956.49
1779522247416,bid,0.5,350
1779522247416,bid,0.49,5.58
1779522247416,bid,0.47,300
1779522247416,bid,0.46,913
1779522247416,bid,0.45,647.3
1779522247416,bid,0.44,2085.71
1779522247416,bid,0.4,40
1779522247416,bid,0.39,1493.2
1779522247416,bid,0.36,1522
1779522247416,bid,0.35,3600
1779522247416,bid,0.33,15.15
1779522247416,bid,0.32,74.8
1779522247416,bid,0.31,2902.64
1779522247416,bid,0.28,4398.86
1779522247416,bid,0.27,4503.7
1779522247416,bid,0.26,38
1779522247416,bid,0.24,1583
1779522247416,bid,0.23,5796.19
1779522247416,bid,0.21,57
1779522247416,bid,0.2,1155
1779522247416,bid,0.19,6847.36
1779522247416,bid,0.18,630.21
1779522247416,bid,0.16,2625
1779522247416,bid,0.15,9938.66
1779522247416,bid,0.13,3846.25
1779522247416,bid,0.12,13933.66
1779522247416,bid,0.1,1500
1779522247416,bid,0.09,5876.36
1779522247416,bid,0.08,22500
1779522247416,bid,0.05,900
1779522247416,bid,0.04,56512.5
1779522247416,bid,0.02,8505
1779522247416,bid,0.01,3108.88
1779522247416,ask,0.76,216.47
1779522247416,ask,0.77,2661.14
1779522247416,ask,0.78,4235.67
1779522247416,ask,0.79,14252.3
1779522247416,ask,0.8,16366.39
1779522247416,ask,0.81,8647.57
1779522247416,ask,0.82,2851.5
1779522247416,ask,0.83,2400
1779522247416,ask,0.84,6031.25
1779522247416,ask,0.85,8228.59
1779522247416,ask,0.86,9465.73
1779522247416,ask,0.87,2188
1779522247416,ask,0.88,4000
1779522247416,ask,0.89,14255.98
1779522247416,ask,0.9,4532.22
1779522247416,ask,0.91,500
1779522247416,ask,0.92,2450.25
1779522247416,ask,0.93,1561
1779522247416,ask,0.94,3450
1779522247416,ask,0.95,2675
1779522247416,ask,0.96,2343.75
1779522247416,ask,0.97,6447.5
1779522247416,ask,0.98,8780.41
1779522247416,ask,0.99,36195.81
1779522355091,bid,0.76,81.53
1779522355091,bid,0.75,10
1779522355091,bid,0.74,672.56
1779522355091,bid,0.73,600
1779522355091,bid,0.72,1771.48
1779522355091,bid,0.71,1221.99
1779522355091,bid,0.7,728.71
1779522355091,bid,0.69,300
1779522355091,bid,0.68,499.98
1779522355091,bid,0.67,864.35
1779522355091,bid,0.66,3360.89
1779522355091,bid,0.65,4428.57
1779522355091,bid,0.63,51
1779522355091,bid,0.62,286.14
1779522355091,bid,0.61,179
1779522355091,bid,0.6,2044.46
1779522355091,bid,0.59,4219.51
1779522355091,bid,0.58,200
1779522355091,bid,0.57,200
1779522355091,bid,0.56,1235.29
1779522355091,bid,0.55,186.27
1779522355091,bid,0.54,1800
1779522355091,bid,0.51,2956.49
1779522355091,bid,0.5,350
1779522355091,bid,0.49,5.58
1779522355091,bid,0.47,300
1779522355091,bid,0.46,913
1779522355091,bid,0.45,647.3
1779522355091,bid,0.44,2085.71
1779522355091,bid,0.4,40
1779522355091,bid,0.39,1793.2
1779522355091,bid,0.36,1166
1779522355091,bid,0.35,3600
1779522355091,bid,0.33,15.15
1779522355091,bid,0.32,74.8
1779522355091,bid,0.31,2902.64
1779522355091,bid,0.3,2666.66
1779522355091,bid,0.28,4398.86
1779522355091,bid,0.27,1629
1779522355091,bid,0.26,4884.15
1779522355091,bid,0.24,1583
1779522355091,bid,0.23,5796.19
1779522355091,bid,0.21,57
1779522355091,bid,0.2,555
1779522355091,bid,0.19,7189.47
1779522355091,bid,0.18,796.87
1779522355091,bid,0.16,2625
1779522355091,bid,0.15,11238.66
1779522355091,bid,0.13,1231.25
1779522355091,bid,0.12,3233
1779522355091,bid,0.11,13394.27
1779522355091,bid,0.1,1500
1779522355091,bid,0.08,1800
1779522355091,bid,0.07,24100
1779522355091,bid,0.05,6776.37
1779522355091,bid,0.04,56512.5
1779522355091,bid,0.02,8505
1779522355091,bid,0.01,3108.88
1779522355091,ask,0.76,197.76
1779522355091,ask,0.77,3661.14
1779522355091,ask,0.78,4389.93
1779522355091,ask,0.79,13052.3
1779522355091,ask,0.8,16366.39
1779522355091,ask,0.81,8857.57
1779522355091,ask,0.82,2851.5
1779522355091,ask,0.83,2400
1779522355091,ask,0.84,6000
1779522355091,ask,0.85,8228.59
1779522355091,ask,0.86,9964.73
1779522355091,ask,0.87,2188
1779522355091,ask,0.88,4000
1779522355091,ask,0.89,14255.98
1779522355091,ask,0.9,4532.22
1779522355091,ask,0.91,1388
1779522355091,ask,0.92,2450.25
1779522355091,ask,0.93,1561
1779522355091,ask,0.94,3950
1779522355091,ask,0.95,2075
1779522355091,ask,0.96,2343.75
1779522355091,ask,0.97,3447.5
1779522355091,ask,0.98,8780.41
1779522355091,ask,0.99,36195.81
1779522697173,bid,0.75,250
1779522697173,bid,0.74,1517.56
1779522697173,bid,0.73,1171.48
1779522697173,bid,0.72,1400
1779522697173,bid,0.71,1221.99
1779522697173,bid,0.7,728.71
1779522697173,bid,0.69,300
1779522697173,bid,0.68,499.98
1779522697173,bid,0.67,1064.35
1779522697173,bid,0.66,3360.89
1779522697173,bid,0.65,4219.51
1779522697173,bid,0.63,51
1779522697173,bid,0.62,286.14
1779522697173,bid,0.6,356.66
1779522697173,bid,0.59,3000
1779522697173,bid,0.58,200
1779522697173,bid,0.57,200
1779522697173,bid,0.56,1235.29
1779522697173,bid,0.55,41.27
1779522697173,bid,0.54,1800
1779522697173,bid,0.51,2956.49
1779522697173,bid,0.5,350
1779522697173,bid,0.49,5.58
1779522697173,bid,0.47,300
1779522697173,bid,0.45,647.3
1779522697173,bid,0.44,2085.71
1779522697173,bid,0.4,40
1779522697173,bid,0.39,1793.2
1779522697173,bid,0.36,1166
1779522697173,bid,0.35,3600
1779522697173,bid,0.33,15.15
1779522697173,bid,0.32,74.8
1779522697173,bid,0.31,322
1779522697173,bid,0.3,2666.66
1779522697173,bid,0.28,27.44
1779522697173,bid,0.27,1629
1779522697173,bid,0.26,4884.15
1779522697173,bid,0.23,5796.19
1779522697173,bid,0.21,57
1779522697173,bid,0.2,555
1779522697173,bid,0.19,7189.47
1779522697173,bid,0.18,796.87
1779522697173,bid,0.15,11238.66
1779522697173,bid,0.13,1231.25
1779522697173,bid,0.12,3233
1779522697173,bid,0.11,13394.27
1779522697173,bid,0.1,1500
1779522697173,bid,0.08,2987.8
1779522697173,bid,0.07,24100
1779522697173,bid,0.05,6776.37
1779522697173,bid,0.04,56512.5
1779522697173,bid,0.02,8505
1779522697173,bid,0.01,3108.88
1779522697173,ask,0.76,1722.24
1779522697173,ask,0.77,3499.55
1779522697173,ask,0.78,4976.93
1779522697173,ask,0.79,13052.3
1779522697173,ask,0.8,16479.39
1779522697173,ask,0.81,8857.57
1779522697173,ask,0.82,2629.5
1779522697173,ask,0.83,2429.41
1779522697173,ask,0.84,6000
1779522697173,ask,0.85,8228.59
1779522697173,ask,0.86,9964.73
1779522697173,ask,0.87,1650
1779522697173,ask,0.88,4000
1779522697173,ask,0.89,14255.98
1779522697173,ask,0.9,4532.22
1779522697173,ask,0.91,500
1779522697173,ask,0.92,1450.25
1779522697173,ask,0.93,1561
1779522697173,ask,0.94,3950
1779522697173,ask,0.95,2075
1779522697173,ask,0.96,2343.75
1779522697173,ask,0.97,3447.5
1779522697173,ask,0.98,8780.41
1779522697173,ask,0.99,36195.81
1779522799226,bid,0.75,3200
1779522799226,bid,0.74,747.56
1779522799226,bid,0.73,1171.48
1779522799226,bid,0.72,2000
1779522799226,bid,0.71,1221.99
1779522799226,bid,0.7,728.71
1779522799226,bid,0.69,300
1779522799226,bid,0.68,499.98
1779522799226,bid,0.67,200
1779522799226,bid,0.66,3360.89
1779522799226,bid,0.65,4219.51
1779522799226,bid,0.63,51
1779522799226,bid,0.62,286.14
1779522799226,bid,0.61,114
1779522799226,bid,0.6,356.66
1779522799226,bid,0.59,3000
1779522799226,bid,0.58,200
1779522799226,bid,0.57,200
1779522799226,bid,0.56,1235.29
1779522799226,bid,0.55,204.27
1779522799226,bid,0.54,1800
1779522799226,bid,0.51,2956.49
1779522799226,bid,0.5,350
1779522799226,bid,0.49,5.58
1779522799226,bid,0.47,300
1779522799226,bid,0.45,647.3
1779522799226,bid,0.44,2085.71
1779522799226,bid,0.4,40
1779522799226,bid,0.39,1793.2
1779522799226,bid,0.36,1166
1779522799226,bid,0.35,3600
1779522799226,bid,0.33,15.15
1779522799226,bid,0.32,74.8
1779522799226,bid,0.31,322
1779522799226,bid,0.3,2666.66
1779522799226,bid,0.28,27.44
1779522799226,bid,0.27,1629
1779522799226,bid,0.26,4884.15
1779522799226,bid,0.24,1583
1779522799226,bid,0.23,5796.19
1779522799226,bid,0.21,57
1779522799226,bid,0.2,555
1779522799226,bid,0.19,7189.47
1779522799226,bid,0.18,796.87
1779522799226,bid,0.15,11238.66
1779522799226,bid,0.13,1231.25
1779522799226,bid,0.12,3233
1779522799226,bid,0.11,13394.27
1779522799226,bid,0.1,1500
1779522799226,bid,0.08,2987.8
1779522799226,bid,0.07,24100
1779522799226,bid,0.05,6776.37
1779522799226,bid,0.04,56512.5
1779522799226,bid,0.02,8505
1779522799226,bid,0.01,3108.88
1779522799226,ask,0.76,1758.49
1779522799226,ask,0.77,3502.92
1779522799226,ask,0.78,4976.93
1779522799226,ask,0.79,13052.3
1779522799226,ask,0.8,16479.39
1779522799226,ask,0.81,8857.57
1779522799226,ask,0.82,2629.5
1779522799226,ask,0.83,2429.41
1779522799226,ask,0.84,6000
1779522799226,ask,0.85,8228.59
1779522799226,ask,0.86,9465.73
1779522799226,ask,0.87,1650
1779522799226,ask,0.88,4000
1779522799226,ask,0.89,14255.98
1779522799226,ask,0.9,4532.22
1779522799226,ask,0.91,1388
1779522799226,ask,0.92,1450.25
1779522799226,ask,0.93,1561
1779522799226,ask,0.94,3950
1779522799226,ask,0.95,2075
1779522799226,ask,0.96,4593.75
1779522799226,ask,0.97,3447.5
1779522799226,ask,0.98,8780.41
1779522799226,ask,0.99,36195.81
1779522912764,bid,0.75,2361.97
1779522912764,bid,0.74,1747.56
1779522912764,bid,0.73,2600
1779522912764,bid,0.72,1400
1779522912764,bid,0.71,1221.99
1779522912764,bid,0.7,728.71
1779522912764,bid,0.69,300
1779522912764,bid,0.68,499.98
1779522912764,bid,0.67,200
1779522912764,bid,0.66,3360.89
1779522912764,bid,0.65,4219.51
1779522912764,bid,0.63,51
1779522912764,bid,0.62,286.14
1779522912764,bid,0.61,114
1779522912764,bid,0.6,356.66
1779522912764,bid,0.59,3000
1779522912764,bid,0.58,200
1779522912764,bid,0.57,200
1779522912764,bid,0.56,1235.29
1779522912764,bid,0.55,349.27
1779522912764,bid,0.54,1800
1779522912764,bid,0.51,2956.49
1779522912764,bid,0.5,350
1779522912764,bid,0.49,5.58
1779522912764,bid,0.47,300
1779522912764,bid,0.45,647.3
1779522912764,bid,0.44,2085.71
1779522912764,bid,0.4,40
1779522912764,bid,0.39,1793.2
1779522912764,bid,0.36,1166
1779522912764,bid,0.35,3600
1779522912764,bid,0.33,15.15
1779522912764,bid,0.32,74.8
1779522912764,bid,0.31,322
1779522912764,bid,0.3,2666.66
1779522912764,bid,0.28,27.44
1779522912764,bid,0.27,1629
1779522912764,bid,0.26,4884.15
1779522912764,bid,0.24,1583
1779522912764,bid,0.23,5796.19
1779522912764,bid,0.21,57
1779522912764,bid,0.2,555
1779522912764,bid,0.19,7189.47
1779522912764,bid,0.18,796.87
1779522912764,bid,0.15,11238.66
1779522912764,bid,0.13,1231.25
1779522912764,bid,0.12,3233
1779522912764,bid,0.11,13394.27
1779522912764,bid,0.1,1500
1779522912764,bid,0.08,2987.8
1779522912764,bid,0.07,24100
1779522912764,bid,0.05,6776.37
1779522912764,bid,0.04,56512.5
1779522912764,bid,0.02,8505
1779522912764,bid,0.01,3108.88
1779522912764,ask,0.76,1744.24
1779522912764,ask,0.77,3610.26
1779522912764,ask,0.78,4976.93
1779522912764,ask,0.79,12652.3
1779522912764,ask,0.8,16479.39
1779522912764,ask,0.81,8863.53
1779522912764,ask,0.82,2629.5
1779522912764,ask,0.83,2429.41
1779522912764,ask,0.84,6000
1779522912764,ask,0.85,8228.59
1779522912764,ask,0.86,9465.73
1779522912764,ask,0.87,1650
1779522912764,ask,0.88,4000
1779522912764,ask,0.89,14255.98
1779522912764,ask,0.9,4532.22
1779522912764,ask,0.91,500
1779522912764,ask,0.92,1450.25
1779522912764,ask,0.93,1561
1779522912764,ask,0.94,3950
1779522912764,ask,0.95,2075
1779522912764,ask,0.96,4593.75
1779522912764,ask,0.97,3447.5
1779522912764,ask,0.98,8780.41
1779522912764,ask,0.99,36195.81
1779523024053,bid,0.75,2520.49
1779523024053,bid,0.74,947.56
1779523024053,bid,0.73,1200
1779523024053,bid,0.72,1400
1779523024053,bid,0.71,1229.99
1779523024053,bid,0.7,736.71
1779523024053,bid,0.69,300
1779523024053,bid,0.68,512.98
1779523024053,bid,0.67,259
1779523024053,bid,0.66,3360.89
1779523024053,bid,0.65,4219.51
1779523024053,bid,0.63,51
1779523024053,bid,0.62,286.14
1779523024053,bid,0.6,356.66
1779523024053,bid,0.59,3000
1779523024053,bid,0.58,200
1779523024053,bid,0.57,200
1779523024053,bid,0.56,1235.29
1779523024053,bid,0.55,349.27
1779523024053,bid,0.54,1800
1779523024053,bid,0.51,2956.49
1779523024053,bid,0.5,350
1779523024053,bid,0.49,5.58
1779523024053,bid,0.47,300
1779523024053,bid,0.45,647.3
1779523024053,bid,0.44,2085.71
1779523024053,bid,0.4,40
1779523024053,bid,0.39,1793.2
1779523024053,bid,0.35,3600
1779523024053,bid,0.33,15.15
1779523024053,bid,0.32,1449.8
1779523024053,bid,0.31,2902.64
1779523024053,bid,0.3,2666.66
