snapshot_ts_ms,side,price,size
1779520575473,bid,0.42,517.7
1779520575473,bid,0.41,883
1779520575473,bid,0.4,1100
1779520575473,bid,0.39,1321
1779520575473,bid,0.38,2483.87
1779520575473,bid,0.34,207.59
1779520575473,bid,0.33,200
1779520575473,bid,0.32,935.29
1779520575473,bid,0.31,200
1779520575473,bid,0.3,200
1779520575473,bid,0.22,1271
1779520575473,bid,0.21,632.91
1779520575473,bid,0.2,625
1779520575473,bid,0.19,2395.05
1779520575473,bid,0.18,4444.44
1779520575473,bid,0.16,3716.66
1779520575473,bid,0.15,6666.66
1779520575473,bid,0.14,3497.56
1779520575473,bid,0.13,8743.92
1779520575473,bid,0.12,549.71
1779520575473,bid,0.11,11867
1779520575473,bid,0.1,4790
1779520575473,bid,0.09,14444.44
1779520575473,bid,0.08,596.79
1779520575473,bid,0.07,24885.71
1779520575473,bid,0.06,1083.33
1779520575473,bid,0.04,41783
1779520575473,bid,0.02,128528
1779520575473,bid,0.01,512
1779520575473,ask,0.44,60
1779520575473,ask,0.45,391.7
1779520575473,ask,0.46,400
1779520575473,ask,0.48,87.28
1779520575473,ask,0.49,834.08
1779520575473,ask,0.5,200
1779520575473,ask,0.52,200
1779520575473,ask,0.54,200
1779520575473,ask,0.55,200
1779520575473,ask,0.58,200
1779520575473,ask,0.65,351
1779520575473,ask,0.73,1036
1779520575473,ask,0.74,1083.27
1779520575473,ask,0.75,2933.33
1779520575473,ask,0.76,3333.33
1779520575473,ask,0.77,1039
1779520575473,ask,0.78,3746.81
1779520575473,ask,0.79,6161.9
1779520575473,ask,0.8,500
1779520575473,ask,0.81,2822.22
1779520575473,ask,0.82,7055.55
1779520575473,ask,0.85,8000.33
1779520575473,ask,0.86,1814
1779520575473,ask,0.87,1480.76
1779520575473,ask,0.88,12700.33
1779520575473,ask,0.9,5428.87
1779520575473,ask,0.91,19655.55
1779520575473,ask,0.92,3945.31
1779520575473,ask,0.93,3271.96
1779520575473,ask,0.94,34509.37
1779520575473,ask,0.95,21120.39
1779520575473,ask,0.96,13984.5
1779520575473,ask,0.97,81954.39
1779520575473,ask,0.98,30499.05
1779520575473,ask,0.99,80218.75
1779520634448,bid,0.42,517.7
1779520634448,bid,0.41,1083
1779520634448,bid,0.4,1100
1779520634448,bid,0.39,1321
1779520634448,bid,0.38,2483.87
1779520634448,bid,0.34,207.59
1779520634448,bid,0.33,200
1779520634448,bid,0.32,935.29
1779520634448,bid,0.31,200
1779520634448,bid,0.3,200
1779520634448,bid,0.22,1271
1779520634448,bid,0.21,632.91
1779520634448,bid,0.2,625
1779520634448,bid,0.19,2395.05
1779520634448,bid,0.18,4444.44
1779520634448,bid,0.16,3716.66
1779520634448,bid,0.15,6666.66
1779520634448,bid,0.14,3497.56
1779520634448,bid,0.13,8743.92
1779520634448,bid,0.12,549.71
1779520634448,bid,0.11,11867
1779520634448,bid,0.1,4920
1779520634448,bid,0.09,14444.44
1779520634448,bid,0.08,596.79
1779520634448,bid,0.07,24885.71
1779520634448,bid,0.06,1083.33
1779520634448,bid,0.04,41783
1779520634448,bid,0.02,129178
1779520634448,bid,0.01,512
1779520634448,ask,0.44,60
1779520634448,ask,0.45,391.7
1779520634448,ask,0.46,200
1779520634448,ask,0.48,87.28
1779520634448,ask,0.49,630
1779520634448,ask,0.5,200
1779520634448,ask,0.52,392.3
1779520634448,ask,0.54,200
1779520634448,ask,0.55,200
1779520634448,ask,0.58,200
1779520634448,ask,0.65,351
1779520634448,ask,0.73,1288
1779520634448,ask,0.74,750.27
1779520634448,ask,0.75,2933.33
1779520634448,ask,0.76,3333.33
1779520634448,ask,0.77,634
1779520634448,ask,0.78,3746.81
1779520634448,ask,0.79,6161.9
1779520634448,ask,0.8,500
1779520634448,ask,0.81,2822.22
1779520634448,ask,0.82,7055.55
1779520634448,ask,0.84,962
1779520634448,ask,0.85,8000.33
1779520634448,ask,0.86,214.28
1779520634448,ask,0.87,1250
1779520634448,ask,0.88,12700.33
1779520634448,ask,0.9,5428.87
1779520634448,ask,0.91,19655.55
1779520634448,ask,0.92,3945.31
1779520634448,ask,0.93,3271.96
1779520634448,ask,0.94,37275.37
1779520634448,ask,0.95,21120.39
1779520634448,ask,0.96,13984.5
1779520634448,ask,0.97,81954.39
1779520634448,ask,0.98,30499.05
1779520634448,ask,0.99,80218.75
1779520821004,bid,0.42,517.7
1779520821004,bid,0.41,1083
1779520821004,bid,0.4,1100
1779520821004,bid,0.39,1321
1779520821004,bid,0.38,2483.87
1779520821004,bid,0.34,207.59
1779520821004,bid,0.33,200
1779520821004,bid,0.32,935.29
1779520821004,bid,0.31,200
1779520821004,bid,0.3,200
1779520821004,bid,0.22,363
1779520821004,bid,0.21,632.91
1779520821004,bid,0.2,625
1779520821004,bid,0.19,2395.05
1779520821004,bid,0.18,4444.44
1779520821004,bid,0.16,3716.66
1779520821004,bid,0.15,6666.66
1779520821004,bid,0.14,3497.56
1779520821004,bid,0.13,8743.92
1779520821004,bid,0.12,549.71
1779520821004,bid,0.11,11867
1779520821004,bid,0.1,4920
1779520821004,bid,0.09,14444.44
1779520821004,bid,0.08,596.79
1779520821004,bid,0.07,24885.71
1779520821004,bid,0.06,1083.33
1779520821004,bid,0.04,41783
1779520821004,bid,0.02,129178
1779520821004,bid,0.01,512
1779520821004,ask,0.44,60
1779520821004,ask,0.45,391.7
1779520821004,ask,0.46,200
1779520821004,ask,0.48,87.28
1779520821004,ask,0.49,630
1779520821004,ask,0.5,200
1779520821004,ask,0.52,392.3
1779520821004,ask,0.54,200
1779520821004,ask,0.55,200
1779520821004,ask,0.58,200
1779520821004,ask,0.65,351
1779520821004,ask,0.72,506
1779520821004,ask,0.73,273.97
1779520821004,ask,0.74,1083.27
1779520821004,ask,0.75,2933.33
1779520821004,ask,0.76,3333.33
1779520821004,ask,0.78,3746.81
1779520821004,ask,0.79,6161.9
1779520821004,ask,0.8,500
1779520821004,ask,0.81,2822.22
1779520821004,ask,0.82,7055.55
1779520821004,ask,0.84,962
1779520821004,ask,0.85,8000.33
1779520821004,ask,0.86,214.28
1779520821004,ask,0.87,1250
1779520821004,ask,0.88,12700.33
1779520821004,ask,0.9,5428.87
1779520821004,ask,0.91,19655.55
1779520821004,ask,0.92,3945.31
1779520821004,ask,0.93,3271.96
1779520821004,ask,0.94,34509.37
1779520821004,ask,0.95,21120.39
1779520821004,ask,0.96,13984.5
1779520821004,ask,0.97,81954.39
1779520821004,ask,0.98,30499.05
1779520821004,ask,0.99,80218.75
1779520920614,bid,0.42,517.7
1779520920614,bid,0.41,1083
1779520920614,bid,0.4,1100
1779520920614,bid,0.39,1321
1779520920614,bid,0.38,2483.87
1779520920614,bid,0.34,207.59
1779520920614,bid,0.33,200
1779520920614,bid,0.32,935.29
1779520920614,bid,0.31,200
1779520920614,bid,0.3,200
1779520920614,bid,0.22,862
1779520920614,bid,0.21,632.91
1779520920614,bid,0.2,625
1779520920614,bid,0.19,2395.05
1779520920614,bid,0.18,4444.44
1779520920614,bid,0.16,3716.66
1779520920614,bid,0.15,6666.66
1779520920614,bid,0.14,3497.56
1779520920614,bid,0.13,8743.92
1779520920614,bid,0.12,3940.71
1779520920614,bid,0.11,11867
1779520920614,bid,0.1,800
1779520920614,bid,0.09,14444.44
1779520920614,bid,0.08,596.79
1779520920614,bid,0.07,24885.71
1779520920614,bid,0.06,1083.33
1779520920614,bid,0.04,41783
1779520920614,bid,0.02,129178
1779520920614,bid,0.01,512
1779520920614,ask,0.45,391.7
1779520920614,ask,0.46,600
1779520920614,ask,0.48,87.28
1779520920614,ask,0.49,834.08
1779520920614,ask,0.5,200
1779520920614,ask,0.52,200
1779520920614,ask,0.54,385.18
1779520920614,ask,0.55,200
1779520920614,ask,0.58,200
1779520920614,ask,0.65,351
1779520920614,ask,0.73,703
1779520920614,ask,0.74,1083.27
1779520920614,ask,0.75,2933.33
1779520920614,ask,0.76,3333.33
1779520920614,ask,0.77,834
1779520920614,ask,0.78,3746.81
1779520920614,ask,0.79,6161.9
1779520920614,ask,0.8,500
1779520920614,ask,0.81,2822.22
1779520920614,ask,0.82,7055.55
1779520920614,ask,0.85,8000.33
1779520920614,ask,0.86,2821
1779520920614,ask,0.87,1480.76
1779520920614,ask,0.88,12700.33
1779520920614,ask,0.9,5428.87
1779520920614,ask,0.91,19655.55
1779520920614,ask,0.92,3945.31
1779520920614,ask,0.93,3271.96
1779520920614,ask,0.94,37192.37
1779520920614,ask,0.95,20100.39
1779520920614,ask,0.96,13984.5
1779520920614,ask,0.97,81954.39
1779520920614,ask,0.98,30499.05
1779520920614,ask,0.99,80218.75
1779521309301,bid,0.42,1255.87
1779521309301,bid,0.41,600
1779521309301,bid,0.4,100
1779521309301,bid,0.39,1321
1779521309301,bid,0.38,2483.87
1779521309301,bid,0.34,207.59
1779521309301,bid,0.33,200
1779521309301,bid,0.32,200
1779521309301,bid,0.31,200
1779521309301,bid,0.3,200
1779521309301,bid,0.23,824
1779521309301,bid,0.22,641.02
1779521309301,bid,0.21,632.91
1779521309301,bid,0.2,625
1779521309301,bid,0.19,2395.05
1779521309301,bid,0.18,4444.44
1779521309301,bid,0.16,3716.66
1779521309301,bid,0.15,6666.66
1779521309301,bid,0.14,3497.56
1779521309301,bid,0.13,8743.92
1779521309301,bid,0.12,3457.71
1779521309301,bid,0.11,11867
1779521309301,bid,0.1,800
1779521309301,bid,0.09,14444.44
1779521309301,bid,0.08,596.79
1779521309301,bid,0.07,24885.71
1779521309301,bid,0.06,1083.33
1779521309301,bid,0.04,41783
1779521309301,bid,0.02,125978
1779521309301,bid,0.01,512
1779521309301,ask,0.44,15.46
1779521309301,ask,0.45,329.87
1779521309301,ask,0.46,200
1779521309301,ask,0.48,87.28
1779521309301,ask,0.49,630
1779521309301,ask,0.5,200
1779521309301,ask,0.52,200
1779521309301,ask,0.54,385.18
1779521309301,ask,0.55,200
1779521309301,ask,0.58,200
1779521309301,ask,0.65,351
1779521309301,ask,0.73,917.97
1779521309301,ask,0.74,1083.27
1779521309301,ask,0.75,2933.33
1779521309301,ask,0.76,3333.33
1779521309301,ask,0.77,586
1779521309301,ask,0.78,3746.81
1779521309301,ask,0.79,6161.9
1779521309301,ask,0.8,500
1779521309301,ask,0.81,2822.22
1779521309301,ask,0.82,7055.55
1779521309301,ask,0.84,893
1779521309301,ask,0.85,8000.33
1779521309301,ask,0.86,214.28
1779521309301,ask,0.87,1250
1779521309301,ask,0.88,12700.33
1779521309301,ask,0.9,5428.87
1779521309301,ask,0.91,19655.55
1779521309301,ask,0.92,3945.31
1779521309301,ask,0.93,3271.96
1779521309301,ask,0.94,37092.37
1779521309301,ask,0.95,15840.39
1779521309301,ask,0.96,13984.5
1779521309301,ask,0.97,81954.39
1779521309301,ask,0.98,30499.05
1779521309301,ask,0.99,80218.75
1779521360852,bid,0.42,1055.87
1779521360852,bid,0.41,600
1779521360852,bid,0.4,100
1779521360852,bid,0.39,1321
1779521360852,bid,0.38,2483.87
1779521360852,bid,0.34,207.59
1779521360852,bid,0.33,200
1779521360852,bid,0.32,200
1779521360852,bid,0.31,200
1779521360852,bid,0.3,200
1779521360852,bid,0.23,824
1779521360852,bid,0.22,641.02
1779521360852,bid,0.21,632.91
1779521360852,bid,0.2,625
1779521360852,bid,0.19,2395.05
1779521360852,bid,0.18,4444.44
1779521360852,bid,0.16,3716.66
1779521360852,bid,0.15,6666.66
1779521360852,bid,0.14,3497.56
1779521360852,bid,0.13,8743.92
1779521360852,bid,0.12,3349.71
1779521360852,bid,0.11,11867
1779521360852,bid,0.1,800
1779521360852,bid,0.09,14444.44
1779521360852,bid,0.08,596.79
1779521360852,bid,0.07,24885.71
1779521360852,bid,0.06,1083.33
1779521360852,bid,0.04,41783
1779521360852,bid,0.02,125428
1779521360852,bid,0.01,512
1779521360852,ask,0.44,15.46
1779521360852,ask,0.45,329.87
1779521360852,ask,0.46,200
1779521360852,ask,0.48,87.28
1779521360852,ask,0.49,630
1779521360852,ask,0.5,200
1779521360852,ask,0.52,392.3
1779521360852,ask,0.54,385.18
1779521360852,ask,0.55,200
1779521360852,ask,0.58,200
1779521360852,ask,0.65,351
1779521360852,ask,0.73,673
1779521360852,ask,0.74,1083.27
1779521360852,ask,0.75,2933.33
1779521360852,ask,0.76,3333.33
1779521360852,ask,0.77,626
1779521360852,ask,0.78,3746.81
1779521360852,ask,0.79,6161.9
1779521360852,ask,0.8,500
1779521360852,ask,0.81,2822.22
1779521360852,ask,0.82,7055.55
1779521360852,ask,0.84,956
1779521360852,ask,0.85,8000.33
1779521360852,ask,0.86,214.28
1779521360852,ask,0.87,1250
1779521360852,ask,0.88,12700.33
1779521360852,ask,0.9,5428.87
1779521360852,ask,0.91,19655.55
1779521360852,ask,0.92,3945.31
1779521360852,ask,0.93,3271.96
1779521360852,ask,0.94,37275.37
1779521360852,ask,0.95,15840.39
1779521360852,ask,0.96,13984.5
1779521360852,ask,0.97,81954.39
1779521360852,ask,0.98,30499.05
1779521360852,ask,0.99,80218.75
1779521541180,bid,0.42,1055.87
1779521541180,bid,0.41,400
1779521541180,bid,0.4,100
1779521541180,bid,0.39,1321
1779521541180,bid,0.38,2483.87
1779521541180,bid,0.34,207.59
1779521541180,bid,0.33,200
1779521541180,bid,0.32,200
1779521541180,bid,0.31,200
1779521541180,bid,0.3,200
1779521541180,bid,0.23,477
1779521541180,bid,0.22,641.02
1779521541180,bid,0.21,632.91
1779521541180,bid,0.2,625
1779521541180,bid,0.19,2395.05
1779521541180,bid,0.18,4444.44
1779521541180,bid,0.17,529
1779521541180,bid,0.16,3716.66
1779521541180,bid,0.15,6666.66
1779521541180,bid,0.14,3497.56
1779521541180,bid,0.13,8743.92
1779521541180,bid,0.12,3249.71
1779521541180,bid,0.11,11867
1779521541180,bid,0.1,800
1779521541180,bid,0.09,14444.44
1779521541180,bid,0.08,596.79
1779521541180,bid,0.07,24885.71
1779521541180,bid,0.06,1083.33
1779521541180,bid,0.04,41783
1779521541180,bid,0.02,124778
1779521541180,bid,0.01,512
1779521541180,ask,0.44,15.46
1779521541180,ask,0.45,329.87
1779521541180,ask,0.46,200
1779521541180,ask,0.48,87.28
1779521541180,ask,0.49,630
1779521541180,ask,0.5,200
1779521541180,ask,0.52,392.3
1779521541180,ask,0.54,385.18
1779521541180,ask,0.55,200
1779521541180,ask,0.58,200
1779521541180,ask,0.65,351
1779521541180,ask,0.73,747
1779521541180,ask,0.74,750.27
1779521541180,ask,0.75,2933.33
1779521541180,ask,0.76,3333.33
1779521541180,ask,0.77,626
1779521541180,ask,0.78,3746.81
1779521541180,ask,0.79,6161.9
1779521541180,ask,0.8,500
1779521541180,ask,0.81,2822.22
1779521541180,ask,0.82,7055.55
1779521541180,ask,0.84,956
1779521541180,ask,0.85,8000.33
1779521541180,ask,0.86,214.28
1779521541180,ask,0.87,1250
1779521541180,ask,0.88,12700.33
1779521541180,ask,0.9,5428.87
1779521541180,ask,0.91,19655.55
1779521541180,ask,0.92,3945.31
1779521541180,ask,0.93,3271.96
1779521541180,ask,0.94,37275.37
1779521541180,ask,0.95,15840.39
1779521541180,ask,0.96,13984.5
1779521541180,ask,0.97,81954.39
1779521541180,ask,0.98,30499.05
1779521541180,ask,0.99,80218.75
1779521664532,bid,0.42,1412.87
1779521664532,bid,0.4,100
1779521664532,bid,0.39,1321
1779521664532,bid,0.38,2483.87
1779521664532,bid,0.34,207.59
1779521664532,bid,0.33,200
1779521664532,bid,0.32,200
1779521664532,bid,0.31,200
1779521664532,bid,0.3,200
1779521664532,bid,0.23,477
1779521664532,bid,0.22,641.02
1779521664532,bid,0.21,632.91
1779521664532,bid,0.2,625
1779521664532,bid,0.19,2395.05
1779521664532,bid,0.18,4444.44
1779521664532,bid,0.17,529
1779521664532,bid,0.16,3716.66
1779521664532,bid,0.15,6666.66
1779521664532,bid,0.14,3497.56
1779521664532,bid,0.13,8743.92
1779521664532,bid,0.12,3232.71
1779521664532,bid,0.11,11567
1779521664532,bid,0.1,800
1779521664532,bid,0.09,14444.44
1779521664532,bid,0.08,596.79
1779521664532,bid,0.07,24885.71
1779521664532,bid,0.06,1083.33
1779521664532,bid,0.04,41783
1779521664532,bid,0.02,142628
1779521664532,bid,0.01,512
1779521664532,ask,0.44,15.46
1779521664532,ask,0.45,329.87
1779521664532,ask,0.46,200
1779521664532,ask,0.48,87.28
1779521664532,ask,0.49,630
1779521664532,ask,0.5,200
1779521664532,ask,0.52,392.3
1779521664532,ask,0.54,385.18
1779521664532,ask,0.55,200
1779521664532,ask,0.58,200
1779521664532,ask,0.65,351
1779521664532,ask,0.73,525
1779521664532,ask,0.74,1083.27
1779521664532,ask,0.75,2933.33
1779521664532,ask,0.76,3333.33
1779521664532,ask,0.77,626
1779521664532,ask,0.78,3746.81
1779521664532,ask,0.79,6161.9
1779521664532,ask,0.8,500
1779521664532,ask,0.81,2822.22
1779521664532,ask,0.82,7055.55
1779521664532,ask,0.84,956
1779521664532,ask,0.85,8000.33
1779521664532,ask,0.86,214.28
1779521664532,ask,0.87,1250
1779521664532,ask,0.88,12700.33
1779521664532,ask,0.9,5428.87
1779521664532,ask,0.91,19655.55
1779521664532,ask,0.92,3945.31
1779521664532,ask,0.93,3271.96
1779521664532,ask,0.94,37275.37
1779521664532,ask,0.95,15840.39
1779521664532,ask,0.96,13984.5
1779521664532,ask,0.97,81954.39
1779521664532,ask,0.98,30499.05
1779521664532,ask,0.99,80218.75
1779522012005,bid,0.43,210
1779522012005,bid,0.42,1412.87
1779522012005,bid,0.4,100
1779522012005,bid,0.39,1321
1779522012005,bid,0.38,2483.87
1779522012005,bid,0.34,207.59
1779522012005,bid,0.33,200
1779522012005,bid,0.32,200
1779522012005,bid,0.31,200
1779522012005,bid,0.3,200
1779522012005,bid,0.23,911
1779522012005,bid,0.22,641.02
1779522012005,bid,0.21,632.91
1779522012005,bid,0.2,625
1779522012005,bid,0.19,2395.05
1779522012005,bid,0.18,4444.44
1779522012005,bid,0.16,3716.66
1779522012005,bid,0.15,6666.66
1779522012005,bid,0.14,3497.56
1779522012005,bid,0.13,8743.92
1779522012005,bid,0.12,549.71
1779522012005,bid,0.11,11867
1779522012005,bid,0.1,800
1779522012005,bid,0.09,14444.44
1779522012005,bid,0.08,596.79
1779522012005,bid,0.07,24885.71
1779522012005,bid,0.06,1083.33
1779522012005,bid,0.04,41783
1779522012005,bid,0.02,107928
1779522012005,bid,0.01,512
1779522012005,ask,0.45,329.87
1779522012005,ask,0.46,200
1779522012005,ask,0.48,87.28
1779522012005,ask,0.49,532.04
1779522012005,ask,0.52,200
1779522012005,ask,0.54,200
1779522012005,ask,0.55,381.81
1779522012005,ask,0.56,200
1779522012005,ask,0.58,400
1779522012005,ask,0.65,351
1779522012005,ask,0.73,606
1779522012005,ask,0.74,1083.27
1779522012005,ask,0.75,2933.33
1779522012005,ask,0.76,3333.33
1779522012005,ask,0.77,552
1779522012005,ask,0.78,3746.81
1779522012005,ask,0.79,6161.9
1779522012005,ask,0.8,500
1779522012005,ask,0.81,2822.22
1779522012005,ask,0.82,7055.55
1779522012005,ask,0.85,8000.33
1779522012005,ask,0.86,1028
1779522012005,ask,0.87,1480.76
1779522012005,ask,0.88,12700.33
1779522012005,ask,0.9,5428.87
1779522012005,ask,0.91,19655.55
1779522012005,ask,0.92,3945.31
1779522012005,ask,0.93,3271.96
1779522012005,ask,0.94,34509.37
1779522012005,ask,0.95,18920.39
1779522012005,ask,0.96,13984.5
1779522012005,ask,0.97,81954.39
1779522012005,ask,0.98,30499.05
1779522012005,ask,0.99,80218.75
1779522128591,bid,0.43,210
1779522128591,bid,0.42,1412.87
1779522128591,bid,0.4,100
1779522128591,bid,0.39,1321
1779522128591,bid,0.38,2483.87
1779522128591,bid,0.34,207.59
1779522128591,bid,0.33,200
1779522128591,bid,0.32,200
1779522128591,bid,0.31,200
1779522128591,bid,0.3,200
1779522128591,bid,0.23,477
1779522128591,bid,0.22,641.02
1779522128591,bid,0.21,632.91
1779522128591,bid,0.2,625
1779522128591,bid,0.19,2395.05
1779522128591,bid,0.18,4444.44
1779522128591,bid,0.16,3716.66
1779522128591,bid,0.15,6666.66
1779522128591,bid,0.14,3497.56
1779522128591,bid,0.13,8743.92
1779522128591,bid,0.12,3199.71
1779522128591,bid,0.11,11867
1779522128591,bid,0.1,800
1779522128591,bid,0.09,14444.44
1779522128591,bid,0.08,596.79
1779522128591,bid,0.07,24885.71
1779522128591,bid,0.06,1083.33
1779522128591,bid,0.04,41783
1779522128591,bid,0.03,11066
1779522128591,bid,0.02,107928
1779522128591,bid,0.01,512
1779522128591,ask,0.45,329.87
1779522128591,ask,0.46,200
1779522128591,ask,0.48,87.28
1779522128591,ask,0.49,532.04
1779522128591,ask,0.52,200
1779522128591,ask,0.54,200
1779522128591,ask,0.55,381.81
1779522128591,ask,0.56,200
1779522128591,ask,0.58,400
1779522128591,ask,0.65,351
1779522128591,ask,0.73,1168
1779522128591,ask,0.74,750.27
1779522128591,ask,0.75,2933.33
1779522128591,ask,0.76,3333.33
1779522128591,ask,0.77,552
1779522128591,ask,0.78,3746.81
1779522128591,ask,0.79,6161.9
1779522128591,ask,0.8,500
1779522128591,ask,0.81,2822.22
1779522128591,ask,0.82,7055.55
1779522128591,ask,0.85,8000.33
1779522128591,ask,0.86,1028
1779522128591,ask,0.87,1480.76
1779522128591,ask,0.88,12700.33
1779522128591,ask,0.9,5428.87
1779522128591,ask,0.91,19655.55
1779522128591,ask,0.92,3945.31
1779522128591,ask,0.93,3271.96
1779522128591,ask,0.94,34509.37
1779522128591,ask,0.95,18920.39
1779522128591,ask,0.96,13984.5
1779522128591,ask,0.97,81954.39
1779522128591,ask,0.98,30499.05
1779522128591,ask,0.99,80218.75
1779522275000,bid,0.43,210
1779522275000,bid,0.42,1412.87
1779522275000,bid,0.4,100
1779522275000,bid,0.39,1321
1779522275000,bid,0.38,2483.87
1779522275000,bid,0.34,207.59
1779522275000,bid,0.33,200
1779522275000,bid,0.32,200
1779522275000,bid,0.31,200
1779522275000,bid,0.3,200
1779522275000,bid,0.23,564
1779522275000,bid,0.22,641.02
1779522275000,bid,0.21,632.91
1779522275000,bid,0.2,625
1779522275000,bid,0.19,2395.05
1779522275000,bid,0.18,4444.44
1779522275000,bid,0.16,3716.66
1779522275000,bid,0.15,6666.66
1779522275000,bid,0.14,3497.56
1779522275000,bid,0.13,8743.92
1779522275000,bid,0.12,3199.71
1779522275000,bid,0.11,11867
1779522275000,bid,0.1,800
1779522275000,bid,0.09,14444.44
1779522275000,bid,0.08,596.79
1779522275000,bid,0.07,24885.71
1779522275000,bid,0.06,1083.33
1779522275000,bid,0.04,41783
1779522275000,bid,0.03,11066
1779522275000,bid,0.02,107928
1779522275000,bid,0.01,512
1779522275000,ask,0.45,329.87
1779522275000,ask,0.46,200
1779522275000,ask,0.48,87.28
1779522275000,ask,0.49,532.04
1779522275000,ask,0.52,200
1779522275000,ask,0.54,200
1779522275000,ask,0.55,381.81
1779522275000,ask,0.56,200
1779522275000,ask,0.58,400
1779522275000,ask,0.65,351
1779522275000,ask,0.73,939
1779522275000,ask,0.74,750.27
1779522275000,ask,0.75,2933.33
1779522275000,ask,0.76,3333.33
1779522275000,ask,0.77,552
1779522275000,ask,0.78,3746.81
1779522275000,ask,0.79,6161.9
1779522275000,ask,0.8,500
1779522275000,ask,0.81,2822.22
1779522275000,ask,0.82,7055.55
1779522275000,ask,0.85,8000.33
1779522275000,ask,0.86,1028
1779522275000,ask,0.87,1480.76
1779522275000,ask,0.88,12700.33
1779522275000,ask,0.9,5428.87
1779522275000,ask,0.91,19655.55
1779522275000,ask,0.92,3945.31
1779522275000,ask,0.93,3271.96
1779522275000,ask,0.94,34509.37
1779522275000,ask,0.95,18920.39
1779522275000,ask,0.96,13984.5
1779522275000,ask,0.97,81954.39
1779522275000,ask,0.98,30499.05
1779522275000,ask,0.99,80218.75
1779522372234,bid,0.43,210
1779522372234,bid,0.42,1412.87
1779522372234,bid,0.4,100
1779522372234,bid,0.39,1321
1779522372234,bid,0.38,2683.87
1779522372234,bid,0.37,200
1779522372234,bid,0.34,207.59
1779522372234,bid,0.33,200
1779522372234,bid,0.31,200
1779522372234,bid,0.3,200
1779522372234,bid,0.23,911
1779522372234,bid,0.22,641.02
1779522372234,bid,0.21,632.91
1779522372234,bid,0.2,625
1779522372234,bid,0.19,2395.05
1779522372234,bid,0.18,4444.44
1779522372234,bid,0.16,3716.66
1779522372234,bid,0.15,6666.66
1779522372234,bid,0.14,3497.56
1779522372234,bid,0.13,8743.92
1779522372234,bid,0.12,3307.71
1779522372234,bid,0.11,11867
1779522372234,bid,0.1,800
1779522372234,bid,0.09,14444.44
1779522372234,bid,0.08,596.79
1779522372234,bid,0.07,24885.71
1779522372234,bid,0.06,1083.33
1779522372234,bid,0.04,41783
1779522372234,bid,0.03,11400
1779522372234,bid,0.02,107928
1779522372234,bid,0.01,512
1779522372234,ask,0.45,329.87
1779522372234,ask,0.46,200
1779522372234,ask,0.48,87.28
1779522372234,ask,0.49,532.04
1779522372234,ask,0.52,200
1779522372234,ask,0.54,200
1779522372234,ask,0.55,381.81
1779522372234,ask,0.56,200
1779522372234,ask,0.58,400
1779522372234,ask,0.65,351
1779522372234,ask,0.73,606
1779522372234,ask,0.74,1083.27
1779522372234,ask,0.75,2933.33
1779522372234,ask,0.76,3333.33
1779522372234,ask,0.77,552
1779522372234,ask,0.78,3746.81
1779522372234,ask,0.79,6161.9
1779522372234,ask,0.8,500
1779522372234,ask,0.81,2822.22
1779522372234,ask,0.82,7055.55
1779522372234,ask,0.85,8000.33
1779522372234,ask,0.86,1028
1779522372234,ask,0.87,1480.76
1779522372234,ask,0.88,12700.33
1779522372234,ask,0.9,5428.87
1779522372234,ask,0.91,19655.55
1779522372234,ask,0.92,3945.31
1779522372234,ask,0.93,3271.96
1779522372234,ask,0.94,34509.37
1779522372234,ask,0.95,18920.39
1779522372234,ask,0.96,13984.5
1779522372234,ask,0.97,81954.39
1779522372234,ask,0.98,30499.05
1779522372234,ask,0.99,80218.75
1779522714361,bid,0.43,160
1779522714361,bid,0.42,1412.87
1779522714361,bid,0.4,100
1779522714361,bid,0.39,1321
1779522714361,bid,0.38,2683.87
1779522714361,bid,0.37,200
1779522714361,bid,0.34,207.59
1779522714361,bid,0.33,200
1779522714361,bid,0.31,200
1779522714361,bid,0.23,868
1779522714361,bid,0.22,641.02
1779522714361,bid,0.21,632.91
1779522714361,bid,0.2,625
1779522714361,bid,0.19,2395.05
1779522714361,bid,0.18,4444.44
1779522714361,bid,0.16,3716.66
1779522714361,bid,0.15,6666.66
1779522714361,bid,0.14,3497.56
1779522714361,bid,0.13,8743.92
1779522714361,bid,0.12,3274.71
1779522714361,bid,0.11,11867
1779522714361,bid,0.1,800
1779522714361,bid,0.09,14444.44
1779522714361,bid,0.08,596.79
1779522714361,bid,0.07,24885.71
1779522714361,bid,0.06,1083.33
1779522714361,bid,0.04,41783
1779522714361,bid,0.03,11300
1779522714361,bid,0.02,107928
1779522714361,bid,0.01,512
1779522714361,ask,0.45,329.87
1779522714361,ask,0.46,200
1779522714361,ask,0.48,87.28
1779522714361,ask,0.49,532.04
1779522714361,ask,0.52,200
1779522714361,ask,0.54,200
1779522714361,ask,0.55,381.81
1779522714361,ask,0.56,200
1779522714361,ask,0.58,400
1779522714361,ask,0.65,351
1779522714361,ask,0.73,606
1779522714361,ask,0.74,1083.27
1779522714361,ask,0.75,2933.33
1779522714361,ask,0.76,3333.33
1779522714361,ask,0.77,552
1779522714361,ask,0.78,3746.81
1779522714361,ask,0.79,6161.9
1779522714361,ask,0.8,500
1779522714361,ask,0.81,2822.22
1779522714361,ask,0.82,7055.55
1779522714361,ask,0.85,8000.33
1779522714361,ask,0.86,1028
1779522714361,ask,0.87,1480.76
1779522714361,ask,0.88,12700.33
1779522714361,ask,0.9,5428.87
1779522714361,ask,0.91,19655.55
1779522714361,ask,0.92,3945.31
1779522714361,ask,0.93,3271.96
1779522714361,ask,0.94,34509.37
1779522714361,ask,0.95,18920.39
1779522714361,ask,0.96,13984.5
1779522714361,ask,0.97,81954.39
1779522714361,ask,0.98,30499.05
1779522714361,ask,0.99,80218.75
1779522838819,bid,0.43,160
1779522838819,bid,0.42,1412.87
1779522838819,bid,0.4,100
1779522838819,bid,0.39,1321
1779522838819,bid,0.38,2683.87
1779522838819,bid,0.37,200
1779522838819,bid,0.34,207.59
1779522838819,bid,0.33,200
1779522838819,bid,0.31,200
1779522838819,bid,0.23,824
1779522838819,bid,0.22,641.02
1779522838819,bid,0.21,632.91
1779522838819,bid,0.2,625
1779522838819,bid,0.19,2395.05
1779522838819,bid,0.18,4444.44
1779522838819,bid,0.16,3716.66
1779522838819,bid,0.15,6666.66
1779522838819,bid,0.14,3497.56
1779522838819,bid,0.13,8743.92
1779522838819,bid,0.12,549.71
1779522838819,bid,0.11,11867
1779522838819,bid,0.1,800
1779522838819,bid,0.09,14444.44
1779522838819,bid,0.08,596.79
1779522838819,bid,0.07,24885.71
1779522838819,bid,0.06,1083.33
1779522838819,bid,0.04,41783
1779522838819,bid,0.03,11300
1779522838819,bid,0.02,107928
1779522838819,bid,0.01,512
1779522838819,ask,0.45,329.87
1779522838819,ask,0.46,200
1779522838819,ask,0.48,87.28
1779522838819,ask,0.49,532.04
1779522838819,ask,0.52,200
1779522838819,ask,0.54,200
1779522838819,ask,0.55,381.81
1779522838819,ask,0.56,200
1779522838819,ask,0.58,400
1779522838819,ask,0.65,351
1779522838819,ask,0.73,687
1779522838819,ask,0.74,1083.27
1779522838819,ask,0.75,2933.33
1779522838819,ask,0.76,3333.33
1779522838819,ask,0.78,3746.81
1779522838819,ask,0.79,6161.9
1779522838819,ask,0.8,500
1779522838819,ask,0.81,2822.22
1779522838819,ask,0.82,7055.55
1779522838819,ask,0.85,8000.33
1779522838819,ask,0.86,1028
1779522838819,ask,0.87,1480.76
1779522838819,ask,0.88,12700.33
1779522838819,ask,0.9,5428.87
1779522838819,ask,0.91,19655.55
1779522838819,ask,0.92,3945.31
1779522838819,ask,0.93,3271.96
1779522838819,ask,0.94,34509.37
1779522838819,ask,0.95,18920.39
1779522838819,ask,0.96,13984.5
1779522838819,ask,0.97,81954.39
1779522838819,ask,0.98,30499.05
1779522838819,ask,0.99,80218.75
1779522933724,bid,0.43,160
1779522933724,bid,0.42,1412.87
1779522933724,bid,0.4,100
1779522933724,bid,0.39,1321
1779522933724,bid,0.38,2683.87
1779522933724,bid,0.37,200
1779522933724,bid,0.34,207.59
1779522933724,bid,0.33,200
1779522933724,bid,0.31,200
1779522933724,bid,0.23,824
1779522933724,bid,0.22,641.02
1779522933724,bid,0.21,632.91
1779522933724,bid,0.2,625
1779522933724,bid,0.19,2395.05
1779522933724,bid,0.18,4444.44
1779522933724,bid,0.16,3716.66
1779522933724,bid,0.15,6666.66
1779522933724,bid,0.14,3497.56
1779522933724,bid,0.13,8743.92
1779522933724,bid,0.12,3274.71
1779522933724,bid,0.11,11867
1779522933724,bid,0.1,800
1779522933724,bid,0.09,14444.44
1779522933724,bid,0.08,596.79
1779522933724,bid,0.07,24885.71
1779522933724,bid,0.06,1083.33
1779522933724,bid,0.04,41783
1779522933724,bid,0.03,11300
1779522933724,bid,0.02,107928
1779522933724,bid,0.01,512
1779522933724,ask,0.44,5.16
1779522933724,ask,0.45,329.87
1779522933724,ask,0.46,200
1779522933724,ask,0.48,87.28
1779522933724,ask,0.49,532.04
1779522933724,ask,0.52,200
1779522933724,ask,0.54,200
1779522933724,ask,0.55,381.81
1779522933724,ask,0.56,200
1779522933724,ask,0.58,400
1779522933724,ask,0.65,351
1779522933724,ask,0.73,917
1779522933724,ask,0.74,750.27
1779522933724,ask,0.75,2933.33
1779522933724,ask,0.76,3333.33
1779522933724,ask,0.77,530
1779522933724,ask,0.78,3746.81
1779522933724,ask,0.79,6161.9
1779522933724,ask,0.8,500
1779522933724,ask,0.81,2822.22
1779522933724,ask,0.82,7055.55
1779522933724,ask,0.84,831
1779522933724,ask,0.85,8000.33
1779522933724,ask,0.86,1242.28
1779522933724,ask,0.87,1250
1779522933724,ask,0.88,12700.33
1779522933724,ask,0.9,5428.87
1779522933724,ask,0.91,19655.55
1779522933724,ask,0.92,3945.31
1779522933724,ask,0.93,3271.96
1779522933724,ask,0.94,36975.37
1779522933724,ask,0.95,18920.39
1779522933724,ask,0.96,13984.5
1779522933724,ask,0.97,81954.39
1779522933724,ask,0.98,30499.05
1779522933724,ask,0.99,80218.75
1779523294003,bid,0.43,160
1779523294003,bid,0.42,1055.87
1779523294003,bid,0.4,100
1779523294003,bid,0.39,1321
1779523294003,bid,0.38,2683.87
1779523294003,bid,0.37,200
1779523294003,bid,0.34,207.59
1779523294003,bid,0.33,200
1779523294003,bid,0.31,200
1779523294003,bid,0.23,477
1779523294003,bid,0.22,641.02
1779523294003,bid,0.21,632.91
1779523294003,bid,0.2,625
1779523294003,bid,0.19,2395.05
1779523294003,bid,0.18,4444.44
1779523294003,bid,0.16,3716.66
1779523294003,bid,0.15,6666.66
1779523294003,bid,0.14,3497.56
1779523294003,bid,0.13,8743.92
1779523294003,bid,0.12,3090.71
1779523294003,bid,0.11,11867
1779523294003,bid,0.1,800
1779523294003,bid,0.09,14444.44
1779523294003,bid,0.08,596.79
1779523294003,bid,0.07,24885.71
1779523294003,bid,0.06,1083.33
1779523294003,bid,0.04,41783
1779523294003,bid,0.03,10533
1779523294003,bid,0.02,107928
1779523294003,bid,0.01,512
1779523294003,ask,0.44,5.16
1779523294003,ask,0.45,329.87
1779523294003,ask,0.46,400
1779523294003,ask,0.48,87.28
1779523294003,ask,0.49,532.04
1779523294003,ask,0.52,200
1779523294003,ask,0.54,200
1779523294003,ask,0.55,381.81
1779523294003,ask,0.56,200
1779523294003,ask,0.58,400
1779523294003,ask,0.65,351
1779523294003,ask,0.73,502
1779523294003,ask,0.74,1083.27
1779523294003,ask,0.75,2933.33
1779523294003,ask,0.76,3333.33
1779523294003,ask,0.77,600
1779523294003,ask,0.78,3746.81
1779523294003,ask,0.79,6161.9
1779523294003,ask,0.8,500
1779523294003,ask,0.81,2822.22
1779523294003,ask,0.82,7055.55
1779523294003,ask,0.84,931
1779523294003,ask,0.85,8000.33
1779523294003,ask,0.86,214.28
1779523294003,ask,0.87,1250
1779523294003,ask,0.88,12700.33
1779523294003,ask,0.9,5428.87
1779523294003,ask,0.91,19655.55
1779523294003,ask,0.92,3945.31
1779523294003,ask,0.93,3271.96
1779523294003,ask,0.94,37242.37
1779523294003,ask,0.95,15840.39
1779523294003,ask,0.96,13984.5
1779523294003,ask,0.97,81954.39
1779523294003,ask,0.98,30499.05
1779523294003,ask,0.99,80218.75
1779523381786,bid,0.43,160
1779523381786,bid,0.42,1255.87
1779523381786,bid,0.4,100
1779523381786,bid,0.39,1321
1779523381786,bid,0.38,2683.87
1779523381786,bid,0.37,200
1779523381786,bid,0.34,207.59
1779523381786,bid,0.33,200
1779523381786,bid,0.31,200
1779523381786,bid,0.23,564
1779523381786,bid,0.22,641.02
1779523381786,bid,0.21,632.91
1779523381786,bid,0.2,625
1779523381786,bid,0.19,2395.05
1779523381786,bid,0.18,4444.44
1779523381786,bid,0.16,3716.66
1779523381786,bid,0.15,6666.66
1779523381786,bid,0.14,3497.56
1779523381786,bid,0.13,8743.92
1779523381786,bid,0.12,3190.71
1779523381786,bid,0.11,11867
1779523381786,bid,0.1,800
1779523381786,bid,0.09,14444.44
1779523381786,bid,0.08,596.79
1779523381786,bid,0.07,24885.71
1779523381786,bid,0.06,1083.33
1779523381786,bid,0.04,41783
1779523381786,bid,0.03,10966
1779523381786,bid,0.02,107928
1779523381786,bid,0.01,512
1779523381786,ask,0.44,5.16
1779523381786,ask,0.45,329.87
1779523381786,ask,0.46,600
1779523381786,ask,0.48,87.28
1779523381786,ask,0.49,532.04
1779523381786,ask,0.52,200
1779523381786,ask,0.54,200
1779523381786,ask,0.55,381.81
1779523381786,ask,0.56,200
1779523381786,ask,0.58,400
1779523381786,ask,0.65,351
1779523381786,ask,0.73,1162
1779523381786,ask,0.74,750.27
1779523381786,ask,0.75,2933.33
1779523381786,ask,0.76,3333.33
1779523381786,ask,0.77,669
1779523381786,ask,0.78,3746.81
1779523381786,ask,0.79,6161.9
1779523381786,ask,0.8,500
1779523381786,ask,0.81,2822.22
1779523381786,ask,0.82,7055.55
1779523381786,ask,0.84,1031
1779523381786,ask,0.85,8000.33
1779523381786,ask,0.86,214.28
1779523381786,ask,0.87,1250
1779523381786,ask,0.88,12700.33
1779523381786,ask,0.9,5428.87
1779523381786,ask,0.91,19655.55
1779523381786,ask,0.92,3945.31
1779523381786,ask,0.93,3271.96
1779523381786,ask,0.94,37509.37
1779523381786,ask,0.95,15840.39
1779523381786,ask,0.96,13984.5
1779523381786,ask,0.97,81954.39
1779523381786,ask,0.98,30499.05
1779523381786,ask,0.99,80218.75
1779523534006,bid,0.43,160
1779523534006,bid,0.42,1805.87
1779523534006,bid,0.4,100
1779523534006,bid,0.39,1321
1779523534006,bid,0.38,2683.87
1779523534006,bid,0.37,200
1779523534006,bid,0.34,207.59
1779523534006,bid,0.33,200
1779523534006,bid,0.31,200
1779523534006,bid,0.23,824
1779523534006,bid,0.22,641.02
1779523534006,bid,0.21,632.91
1779523534006,bid,0.2,625
1779523534006,bid,0.19,2395.05
1779523534006,bid,0.18,4444.44
1779523534006,bid,0.16,3716.66
1779523534006,bid,0.15,6666.66
1779523534006,bid,0.14,3497.56
1779523534006,bid,0.13,8743.92
1779523534006,bid,0.12,3482.71
1779523534006,bid,0.11,11867
1779523534006,bid,0.1,800
1779523534006,bid,0.09,14444.44
1779523534006,bid,0.08,596.79
1779523534006,bid,0.07,24885.71
1779523534006,bid,0.06,1083.33
1779523534006,bid,0.04,41783
1779523534006,bid,0.03,12133
1779523534006,bid,0.02,107928
1779523534006,bid,0.01,512
1779523534006,ask,0.44,5.16
1779523534006,ask,0.45,329.87
1779523534006,ask,0.46,600
1779523534006,ask,0.48,87.28
1779523534006,ask,0.49,532.04
1779523534006,ask,0.52,200
1779523534006,ask,0.54,200
1779523534006,ask,0.55,381.81
1779523534006,ask,0.56,200
1779523534006,ask,0.58,400
1779523534006,ask,0.65,351
1779523534006,ask,0.73,1025
1779523534006,ask,0.74,750.27
1779523534006,ask,0.75,2933.33
1779523534006,ask,0.76,3333.33
1779523534006,ask,0.77,669
1779523534006,ask,0.78,3746.81
1779523534006,ask,0.79,6161.9
1779523534006,ask,0.8,500
1779523534006,ask,0.81,2822.22
1779523534006,ask,0.82,7055.55
1779523534006,ask,0.84,1031
1779523534006,ask,0.85,8000.33
1779523534006,ask,0.86,214.28
1779523534006,ask,0.87,1250
1779523534006,ask,0.88,12700.33
1779523534006,ask,0.9,5428.87
1779523534006,ask,0.91,19655.55
1779523534006,ask,0.92,3945.31
1779523534006,ask,0.93,3271.96
1779523534006,ask,0.94,37509.37
1779523534006,ask,0.95,15840.39
1779523534006,ask,0.96,13984.5
1779523534006,ask,0.97,81954.39
1779523534006,ask,0.98,30499.05
1779523534006,ask,0.99,80218.75
1779523604940,bid,0.43,160
1779523604940,bid,0.42,2036.98
1779523604940,bid,0.4,100
1779523604940,bid,0.39,1321
1779523604940,bid,0.38,2683.87
1779523604940,bid,0.37,200
1779523604940,bid,0.34,207.59
1779523604940,bid,0.33,200
1779523604940,bid,0.31,200
1779523604940,bid,0.23,824
1779523604940,bid,0.22,641.02
1779523604940,bid,0.21,632.91
1779523604940,bid,0.2,625
1779523604940,bid,0.19,2395.05
1779523604940,bid,0.18,4444.44
1779523604940,bid,0.17,529
1779523604940,bid,0.16,3716.66
1779523604940,bid,0.15,6666.66
1779523604940,bid,0.14,3497.56
1779523604940,bid,0.13,8743.92
1779523604940,bid,0.12,3674.71
1779523604940,bid,0.11,11567
1779523604940,bid,0.1,800
1779523604940,bid,0.09,14444.44
1779523604940,bid,0.08,596.79
1779523604940,bid,0.07,24885.71
1779523604940,bid,0.06,1083.33
1779523604940,bid,0.04,41783
1779523604940,bid,0.03,12566
1779523604940,bid,0.02,127178
1779523604940,bid,0.01,512
1779523604940,ask,0.43,40
1779523604940,ask,0.44,5.16
1779523604940,ask,0.45,329.87
1779523604940,ask,0.46,200
1779523604940,ask,0.48,87.28
1779523604940,ask,0.49,532.04
1779523604940,ask,0.52,200
1779523604940,ask,0.54,200
1779523604940,ask,0.55,381.81
1779523604940,ask,0.56,200
1779523604940,ask,0.58,400
1779523604940,ask,0.65,351
1779523604940,ask,0.72,338
1779523604940,ask,0.73,381
1779523604940,ask,0.74,1083.27
1779523604940,ask,0.75,2933.33
1779523604940,ask,0.76,3333.33
1779523604940,ask,0.78,3746.81
1779523604940,ask,0.79,6161.9
1779523604940,ask,0.8,500
1779523604940,ask,0.81,2822.22
1779523604940,ask,0.82,7055.55
1779523604940,ask,0.84,818
1779523604940,ask,0.85,8000.33
1779523604940,ask,0.86,214.28
1779523604940,ask,0.87,1250
1779523604940,ask,0.88,12700.33
1779523604940,ask,0.9,5428.87
1779523604940,ask,0.91,19655.55
1779523604940,ask,0.92,3945.31
1779523604940,ask,0.93,5328.96
1779523604940,ask,0.94,37509.37
1779523604940,ask,0.95,15840.39
1779523604940,ask,0.96,13984.5
1779523604940,ask,0.97,81954.39
1779523604940,ask,0.98,30499.05
1779523604940,ask,0.99,80218.75
1779523986047,bid,0.42,2036.98
1779523986047,bid,0.4,300
1779523986047,bid,0.39,800
1779523986047,bid,0.38,2683.87
1779523986047,bid,0.37,200
1779523986047,bid,0.34,628.59
1779523986047,bid,0.33,200
1779523986047,bid,0.31,200
1779523986047,bid,0.23,347
1779523986047,bid,0.22,641.02
1779523986047,bid,0.21,632.91
1779523986047,bid,0.2,625
1779523986047,bid,0.19,2395.05
1779523986047,bid,0.18,4444.44
1779523986047,bid,0.17,529
1779523986047,bid,0.16,3716.66
1779523986047,bid,0.15,6666.66
1779523986047,bid,0.14,3497.56
1779523986047,bid,0.13,8743.92
1779523986047,bid,0.12,3624.71
1779523986047,bid,0.11,11567
1779523986047,bid,0.1,800
1779523986047,bid,0.09,14444.44
1779523986047,bid,0.08,596.79
1779523986047,bid,0.07,24885.71
1779523986047,bid,0.06,1083.33
1779523986047,bid,0.04,41783
1779523986047,bid,0.02,126978
1779523986047,bid,0.01,1812.24
1779523986047,ask,0.43,40
1779523986047,ask,0.44,5.16
1779523986047,ask,0.45,329.87
1779523986047,ask,0.46,200
1779523986047,ask,0.48,87.28
1779523986047,ask,0.49,532.04
1779523986047,ask,0.52,200
1779523986047,ask,0.54,200
1779523986047,ask,0.55,381.81
1779523986047,ask,0.56,200
1779523986047,ask,0.58,400
1779523986047,ask,0.65,351
1779523986047,ask,0.72,7
1779523986047,ask,0.73,1090
1779523986047,ask,0.74,750.27
1779523986047,ask,0.75,2933.33
1779523986047,ask,0.76,3333.33
1779523986047,ask,0.77,500
1779523986047,ask,0.78,3746.81
1779523986047,ask,0.79,6161.9
1779523986047,ask,0.8,500
1779523986047,ask,0.81,2822.22
1779523986047,ask,0.82,7055.55
1779523986047,ask,0.84,818
1779523986047,ask,0.85,8000.33
1779523986047,ask,0.86,214.28
1779523986047,ask,0.87,1250
1779523986047,ask,0.88,12700.33
1779523986047,ask,0.9,5428.87
1779523986047,ask,0.91,19655.55
1779523986047,ask,0.92,3945.31
1779523986047,ask,0.93,5328.96
1779523986047,ask,0.94,34509.37
1779523986047,ask,0.95,15840.39
1779523986047,ask,0.96,13984.5
1779523986047,ask,0.97,81954.39
1779523986047,ask,0.98,30499.05
1779523986047,ask,0.99,80218.75
1779524124992,bid,0.42,1773.87
1779524124992,bid,0.4,100
1779524124992,bid,0.39,800
1779524124992,bid,0.38,2683.87
1779524124992,bid,0.37,200
1779524124992,bid,0.34,628.59
1779524124992,bid,0.33,200
1779524124992,bid,0.31,200
1779524124992,bid,0.23,824
1779524124992,bid,0.22,641.02
1779524124992,bid,0.21,632.91
1779524124992,bid,0.2,625
1779524124992,bid,0.19,2395.05
1779524124992,bid,0.18,4444.44
1779524124992,bid,0.16,3716.66
1779524124992,bid,0.15,6666.66
1779524124992,bid,0.14,3497.56
1779524124992,bid,0.13,8743.92
1779524124992,bid,0.12,3282.71
1779524124992,bid,0.11,11567
1779524124992,bid,0.1,800
1779524124992,bid,0.09,14444.44
1779524124992,bid,0.08,596.79
1779524124992,bid,0.07,24885.71
1779524124992,bid,0.06,1083.33
1779524124992,bid,0.04,41783
1779524124992,bid,0.02,142178
1779524124992,bid,0.01,1812.24
1779524124992,ask,0.43,40
1779524124992,ask,0.44,5.16
1779524124992,ask,0.45,329.87
1779524124992,ask,0.46,200
1779524124992,ask,0.48,87.28
1779524124992,ask,0.49,532.04
1779524124992,ask,0.52,200
1779524124992,ask,0.54,200
1779524124992,ask,0.55,381.81
1779524124992,ask,0.56,200
1779524124992,ask,0.58,400
1779524124992,ask,0.65,351
1779524124992,ask,0.72,541
1779524124992,ask,0.73,381
1779524124992,ask,0.74,1083.27
1779524124992,ask,0.75,2933.33
1779524124992,ask,0.76,3333.33
1779524124992,ask,0.78,3746.81
1779524124992,ask,0.79,6161.9
1779524124992,ask,0.8,500
1779524124992,ask,0.81,2822.22
1779524124992,ask,0.82,7055.55
1779524124992,ask,0.84,818
1779524124992,ask,0.85,8000.33
1779524124992,ask,0.86,214.28
1779524124992,ask,0.87,1250
1779524124992,ask,0.88,12700.33
1779524124992,ask,0.9,5428.87
1779524124992,ask,0.91,19655.55
1779524124992,ask,0.92,3945.31
1779524124992,ask,0.93,5328.96
1779524124992,ask,0.94,34509.37
1779524124992,ask,0.95,15840.39
1779524124992,ask,0.96,13984.5
1779524124992,ask,0.97,81954.39
1779524124992,ask,0.98,30499.05
1779524124992,ask,0.99,80218.75
1779524219716,bid,0.42,1773.87
1779524219716,bid,0.4,100
1779524219716,bid,0.39,800
1779524219716,bid,0.38,2683.87
1779524219716,bid,0.37,200
1779524219716,bid,0.34,628.59
1779524219716,bid,0.33,200
1779524219716,bid,0.31,200
1779524219716,bid,0.23,347
1779524219716,bid,0.22,641.02
1779524219716,bid,0.21,632.91
1779524219716,bid,0.2,625
1779524219716,bid,0.19,2395.05
1779524219716,bid,0.18,4444.44
1779524219716,bid,0.17,529
1779524219716,bid,0.16,3716.66
1779524219716,bid,0.15,6666.66
1779524219716,bid,0.14,3497.56
1779524219716,bid,0.13,8743.92
1779524219716,bid,0.12,3382.71
1779524219716,bid,0.11,11567
1779524219716,bid,0.1,800
1779524219716,bid,0.09,14444.44
1779524219716,bid,0.08,596.79
1779524219716,bid,0.07,24885.71
1779524219716,bid,0.06,1083.33
1779524219716,bid,0.04,41783
1779524219716,bid,0.02,125578
1779524219716,bid,0.01,1812.24
1779524219716,ask,0.43,40
1779524219716,ask,0.44,5.16
1779524219716,ask,0.45,329.87
1779524219716,ask,0.46,200
1779524219716,ask,0.48,87.28
1779524219716,ask,0.49,532.04
1779524219716,ask,0.52,200
1779524219716,ask,0.54,200
1779524219716,ask,0.55,381.81
1779524219716,ask,0.56,200
1779524219716,ask,0.58,400
1779524219716,ask,0.65,351
1779524219716,ask,0.72,737
1779524219716,ask,0.73,381
1779524219716,ask,0.74,1083.27
1779524219716,ask,0.75,2933.33
1779524219716,ask,0.76,3333.33
1779524219716,ask,0.78,3746.81
1779524219716,ask,0.79,6161.9
1779524219716,ask,0.8,500
1779524219716,ask,0.81,2822.22
1779524219716,ask,0.82,7055.55
1779524219716,ask,0.84,818
1779524219716,ask,0.85,8000.33
1779524219716,ask,0.86,214.28
1779524219716,ask,0.87,1250
1779524219716,ask,0.88,12700.33
1779524219716,ask,0.9,5428.87
1779524219716,ask,0.91,19655.55
1779524219716,ask,0.92,3945.31
1779524219716,ask,0.93,5328.96
1779524219716,ask,0.94,34509.37
1779524219716,ask,0.95,15840.39
1779524219716,ask,0.96,13984.5
1779524219716,ask,0.97,81954.39
1779524219716,ask,0.98,30499.05
1779524219716,ask,0.99,80218.75
1779524546459,bid,0.42,1773.87
1779524546459,bid,0.4,100
1779524546459,bid,0.39,800
1779524546459,bid,0.38,2683.87
1779524546459,bid,0.37,200
1779524546459,bid,0.34,628.59
1779524546459,bid,0.33,200
1779524546459,bid,0.31,200
1779524546459,bid,0.23,520
1779524546459,bid,0.22,641.02
1779524546459,bid,0.21,632.91
1779524546459,bid,0.2,625
1779524546459,bid,0.19,2395.05
1779524546459,bid,0.18,4444.44
1779524546459,bid,0.17,529
1779524546459,bid,0.16,3716.66
1779524546459,bid,0.15,6666.66
1779524546459,bid,0.14,3497.56
1779524546459,bid,0.13,8743.92
1779524546459,bid,0.12,3382.71
1779524546459,bid,0.11,11567
1779524546459,bid,0.1,800
1779524546459,bid,0.09,14444.44
1779524546459,bid,0.08,596.79
1779524546459,bid,0.07,24885.71
1779524546459,bid,0.06,1083.33
1779524546459,bid,0.04,41783
1779524546459,bid,0.02,125578
1779524546459,bid,0.01,1812.24
1779524546459,ask,0.43,30
1779524546459,ask,0.44,5.16
1779524546459,ask,0.45,329.87
1779524546459,ask,0.46,200
1779524546459,ask,0.48,87.28
1779524546459,ask,0.49,430
1779524546459,ask,0.52,200
1779524546459,ask,0.54,200
1779524546459,ask,0.55,381.81
1779524546459,ask,0.56,200
1779524546459,ask,0.58,400
1779524546459,ask,0.65,351
1779524546459,ask,0.72,284.77
1779524546459,ask,0.73,524
1779524546459,ask,0.74,1083.27
1779524546459,ask,0.75,2933.33
1779524546459,ask,0.76,3333.33
1779524546459,ask,0.77,469
1779524546459,ask,0.78,3746.81
1779524546459,ask,0.79,6161.9
1779524546459,ask,0.8,500
1779524546459,ask,0.81,2822.22
1779524546459,ask,0.82,7055.55
1779524546459,ask,0.84,775
1779524546459,ask,0.85,8000.33
1779524546459,ask,0.86,214.28
1779524546459,ask,0.87,1250
1779524546459,ask,0.88,12700.33
1779524546459,ask,0.9,5428.87
1779524546459,ask,0.91,19655.55
1779524546459,ask,0.92,3945.31
1779524546459,ask,0.93,5213.96
1779524546459,ask,0.94,34509.37
1779524546459,ask,0.95,15840.39
1779524546459,ask,0.96,13984.5
1779524546459,ask,0.97,81954.39
1779524546459,ask,0.98,30499.05
1779524546459,ask,0.99,80218.75
1779524637467,bid,0.42,1773.87
1779524637467,bid,0.4,100
1779524637467,bid,0.39,800
1779524637467,bid,0.38,2683.87
1779524637467,bid,0.37,200
1779524637467,bid,0.34,628.59
1779524637467,bid,0.33,200
1779524637467,bid,0.31,200
1779524637467,bid,0.23,477
1779524637467,bid,0.22,641.02
1779524637467,bid,0.21,632.91
1779524637467,bid,0.2,625
1779524637467,bid,0.19,2395.05
1779524637467,bid,0.18,4444.44
1779524637467,bid,0.16,3716.66
1779524637467,bid,0.15,6666.66
1779524637467,bid,0.14,3497.56
1779524637467,bid,0.13,8743.92
1779524637467,bid,0.12,3382.71
1779524637467,bid,0.11,11567
1779524637467,bid,0.1,800
1779524637467,bid,0.09,14444.44
1779524637467,bid,0.08,596.79
1779524637467,bid,0.07,24885.71
1779524637467,bid,0.06,1083.33
1779524637467,bid,0.04,41783
1779524637467,bid,0.02,125578
1779524637467,bid,0.01,1812.24
1779524637467,ask,0.43,30
1779524637467,ask,0.44,5.16
1779524637467,ask,0.45,329.87
1779524637467,ask,0.46,200
1779524637467,ask,0.48,87.28
1779524637467,ask,0.49,430
1779524637467,ask,0.52,200
1779524637467,ask,0.54,200
1779524637467,ask,0.55,381.81
1779524637467,ask,0.56,200
1779524637467,ask,0.58,400
1779524637467,ask,0.65,351
1779524637467,ask,0.72,284.77
1779524637467,ask,0.73,712
1779524637467,ask,0.74,1083.27
1779524637467,ask,0.75,2933.33
1779524637467,ask,0.76,3333.33
1779524637467,ask,0.77,469
1779524637467,ask,0.78,3746.81
1779524637467,ask,0.79,6161.9
1779524637467,ask,0.8,500
1779524637467,ask,0.81,2822.22
1779524637467,ask,0.82,7055.55
1779524637467,ask,0.84,775
1779524637467,ask,0.85,8000.33
1779524637467,ask,0.86,214.28
1779524637467,ask,0.87,1250
1779524637467,ask,0.88,12700.33
1779524637467,ask,0.9,5428.87
1779524637467,ask,0.91,19655.55
1779524637467,ask,0.92,3945.31
1779524637467,ask,0.93,5213.96
1779524637467,ask,0.94,34509.37
1779524637467,ask,0.95,15840.39
1779524637467,ask,0.96,13984.5
1779524637467,ask,0.97,81954.39
1779524637467,ask,0.98,30499.05
1779524637467,ask,0.99,80218.75
1779524755003,bid,0.42,1653.87
1779524755003,bid,0.4,100
1779524755003,bid,0.39,800
1779524755003,bid,0.38,2683.87
1779524755003,bid,0.37,200
1779524755003,bid,0.34,628.59
1779524755003,bid,0.33,200
1779524755003,bid,0.31,200
1779524755003,bid,0.23,824
1779524755003,bid,0.22,641.02
1779524755003,bid,0.21,632.91
1779524755003,bid,0.2,625
1779524755003,bid,0.19,2395.05
1779524755003,bid,0.18,4444.44
1779524755003,bid,0.17,529
1779524755003,bid,0.16,3716.66
1779524755003,bid,0.15,6666.66
1779524755003,bid,0.14,3497.56
1779524755003,bid,0.13,8743.92
1779524755003,bid,0.12,3390.71
1779524755003,bid,0.11,11567
1779524755003,bid,0.1,800
1779524755003,bid,0.09,14444.44
1779524755003,bid,0.08,596.79
1779524755003,bid,0.07,24885.71
1779524755003,bid,0.06,1083.33
1779524755003,bid,0.04,41783
1779524755003,bid,0.02,125628
1779524755003,bid,0.01,1812.24
1779524755003,ask,0.43,30
1779524755003,ask,0.44,5.16
1779524755003,ask,0.45,329.87
1779524755003,ask,0.46,200
1779524755003,ask,0.48,87.28
1779524755003,ask,0.49,430
1779524755003,ask,0.52,200
1779524755003,ask,0.54,200
1779524755003,ask,0.55,381.81
1779524755003,ask,0.56,200
1779524755003,ask,0.58,400
1779524755003,ask,0.65,351
1779524755003,ask,0.72,284.77
1779524755003,ask,0.73,695
1779524755003,ask,0.74,1083.27
1779524755003,ask,0.75,2933.33
1779524755003,ask,0.76,3333.33
1779524755003,ask,0.78,3746.81
1779524755003,ask,0.79,6161.9
1779524755003,ask,0.8,500
1779524755003,ask,0.81,2822.22
1779524755003,ask,0.82,7055.55
1779524755003,ask,0.85,8000.33
1779524755003,ask,0.86,214.28
1779524755003,ask,0.87,1250
1779524755003,ask,0.88,12700.33
1779524755003,ask,0.9,5428.87
1779524755003,ask,0.91,19655.55
1779524755003,ask,0.92,3945.31
1779524755003,ask,0.93,5213.96
1779524755003,ask,0.94,34509.37
1779524755003,ask,0.95,15840.39
1779524755003,ask,0.96,13984.5
1779524755003,ask,0.97,81954.39
1779524755003,ask,0.98,30499.05
1779524755003,ask,0.99,80218.75
1779525090284,bid,0.42,1453.87
1779525090284,bid,0.4,100
1779525090284,bid,0.39,800
1779525090284,bid,0.38,2683.87
1779525090284,bid,0.37,200
1779525090284,bid,0.34,628.59
1779525090284,bid,0.33,200
1779525090284,bid,0.31,200
1779525090284,bid,0.23,173
1779525090284,bid,0.22,641.02
1779525090284,bid,0.21,632.91
1779525090284,bid,0.2,625
1779525090284,bid,0.19,2395.05
1779525090284,bid,0.18,4444.44
1779525090284,bid,0.17,529
1779525090284,bid,0.16,3716.66
1779525090284,bid,0.15,6666.66
1779525090284,bid,0.14,3497.56
1779525090284,bid,0.13,8743.92
1779525090284,bid,0.12,3215.71
1779525090284,bid,0.11,11567
1779525090284,bid,0.1,800
1779525090284,bid,0.09,14444.44
1779525090284,bid,0.08,596.79
1779525090284,bid,0.07,24885.71
1779525090284,bid,0.06,1083.33
1779525090284,bid,0.04,41783
1779525090284,bid,0.02,124528
1779525090284,bid,0.01,1812.24
1779525090284,ask,0.43,30
1779525090284,ask,0.44,5.16
1779525090284,ask,0.45,329.87
1779525090284,ask,0.46,200
1779525090284,ask,0.48,87.28
1779525090284,ask,0.49,430
1779525090284,ask,0.52,200
1779525090284,ask,0.54,200
1779525090284,ask,0.55,381.81
1779525090284,ask,0.56,200
1779525090284,ask,0.58,400
1779525090284,ask,0.65,351
1779525090284,ask,0.72,284.77
1779525090284,ask,0.73,712
1779525090284,ask,0.74,1083.27
1779525090284,ask,0.75,2933.33
1779525090284,ask,0.76,3333.33
1779525090284,ask,0.77,469
1779525090284,ask,0.78,3746.81
1779525090284,ask,0.79,6161.9
1779525090284,ask,0.8,500
1779525090284,ask,0.81,2822.22
1779525090284,ask,0.82,7055.55
1779525090284,ask,0.84,775
1779525090284,ask,0.85,8000.33
1779525090284,ask,0.86,214.28
1779525090284,ask,0.87,1250
1779525090284,ask,0.88,12700.33
1779525090284,ask,0.9,5428.87
1779525090284,ask,0.91,19655.55
1779525090284,ask,0.92,3945.31
1779525090284,ask,0.93,5213.96
1779525090284,ask,0.94,34509.37
1779525090284,ask,0.95,15840.39
1779525090284,ask,0.96,13984.5
1779525090284,ask,0.97,81954.39
1779525090284,ask,0.98,30499.05
1779525090284,ask,0.99,80218.75
1779525198019,bid,0.42,1780.87
1779525198019,bid,0.4,100
1779525198019,bid,0.39,800
1779525198019,bid,0.38,2683.87
1779525198019,bid,0.37,200
1779525198019,bid,0.34,628.59
1779525198019,bid,0.31,200
1779525198019,bid,0.3,200
1779525198019,bid,0.23,520
1779525198019,bid,0.22,641.02
1779525198019,bid,0.21,632.91
1779525198019,bid,0.2,625
1779525198019,bid,0.19,2395.05
1779525198019,bid,0.18,4444.44
1779525198019,bid,0.17,529
1779525198019,bid,0.16,3716.66
1779525198019,bid,0.15,6666.66
1779525198019,bid,0.14,3497.56
1779525198019,bid,0.13,8743.92
1779525198019,bid,0.12,3365.71
1779525198019,bid,0.11,11567
1779525198019,bid,0.1,800
1779525198019,bid,0.09,14444.44
1779525198019,bid,0.08,596.79
1779525198019,bid,0.07,24885.71
1779525198019,bid,0.06,1083.33
1779525198019,bid,0.04,41783
1779525198019,bid,0.02,143128
1779525198019,bid,0.01,1812.24
1779525198019,ask,0.43,30
1779525198019,ask,0.44,5.16
1779525198019,ask,0.45,329.87
1779525198019,ask,0.46,200
1779525198019,ask,0.48,87.28
1779525198019,ask,0.52,200
1779525198019,ask,0.54,200
1779525198019,ask,0.55,381.81
1779525198019,ask,0.56,200
1779525198019,ask,0.58,572.41
1779525198019,ask,0.65,351
1779525198019,ask,0.72,7
1779525198019,ask,0.73,560
1779525198019,ask,0.74,1083.27
1779525198019,ask,0.75,2933.33
1779525198019,ask,0.76,3333.33
1779525198019,ask,0.78,3746.81
1779525198019,ask,0.79,5161.9
1779525198019,ask,0.8,500
1779525198019,ask,0.81,2822.22
1779525198019,ask,0.82,7055.55
1779525198019,ask,0.84,1250
1779525198019,ask,0.85,8000.33
1779525198019,ask,0.86,214.28
1779525198019,ask,0.87,1250
1779525198019,ask,0.88,12700.33
1779525198019,ask,0.9,5428.87
1779525198019,ask,0.91,19655.55
1779525198019,ask,0.92,3945.31
1779525198019,ask,0.93,4885.96
1779525198019,ask,0.94,34509.37
1779525198019,ask,0.95,15840.39
1779525198019,ask,0.96,13984.5
1779525198019,ask,0.97,81954.39
1779525198019,ask,0.98,30499.05
1779525198019,ask,0.99,80218.75
1779525314751,bid,0.42,1780.87
1779525314751,bid,0.4,100
1779525314751,bid,0.39,800
1779525314751,bid,0.38,2683.87
1779525314751,bid,0.37,200
1779525314751,bid,0.34,628.59
1779525314751,bid,0.31,200
1779525314751,bid,0.3,200
1779525314751,bid,0.21,632.91
1779525314751,bid,0.2,625
1779525314751,bid,0.19,1472
1779525314751,bid,0.18,4444.44
1779525314751,bid,0.16,3716.66
1779525314751,bid,0.15,6666.66
1779525314751,bid,0.14,3497.56
1779525314751,bid,0.13,8743.92
1779525314751,bid,0.12,2216
1779525314751,bid,0.11,11567
1779525314751,bid,0.1,800
1779525314751,bid,0.09,14444.44
1779525314751,bid,0.08,596.79
1779525314751,bid,0.07,24885.71
1779525314751,bid,0.06,1083.33
1779525314751,bid,0.04,41783
1779525314751,bid,0.02,121778
1779525314751,bid,0.01,1812.24
1779525314751,ask,0.43,30
1779525314751,ask,0.44,5.16
1779525314751,ask,0.45,329.87
1779525314751,ask,0.46,200
1779525314751,ask,0.48,87.28
1779525314751,ask,0.52,200
1779525314751,ask,0.54,200
1779525314751,ask,0.55,381.81
1779525314751,ask,0.56,200
1779525314751,ask,0.58,572.41
1779525314751,ask,0.65,351
1779525314751,ask,0.72,7
1779525314751,ask,0.73,333
1779525314751,ask,0.74,584
1779525314751,ask,0.75,2933.33
1779525314751,ask,0.76,3333.33
1779525314751,ask,0.78,3746.81
1779525314751,ask,0.79,5161.9
1779525314751,ask,0.8,500
1779525314751,ask,0.81,2822.22
1779525314751,ask,0.82,7055.55
1779525314751,ask,0.84,562
1779525314751,ask,0.85,8000.33
1779525314751,ask,0.86,214.28
1779525314751,ask,0.87,1250
1779525314751,ask,0.88,12700.33
1779525314751,ask,0.9,5428.87
1779525314751,ask,0.91,19655.55
1779525314751,ask,0.92,3945.31
1779525314751,ask,0.93,4619.96
1779525314751,ask,0.94,34509.37
1779525314751,ask,0.95,15840.39
1779525314751,ask,0.96,13984.5
1779525314751,ask,0.97,81954.39
1779525314751,ask,0.98,30499.05
1779525314751,ask,0.99,80218.75
1779525434174,bid,0.42,1780.87
1779525434174,bid,0.4,300
1779525434174,bid,0.39,800
1779525434174,bid,0.38,2683.87
1779525434174,bid,0.37,200
1779525434174,bid,0.34,628.59
1779525434174,bid,0.31,200
1779525434174,bid,0.3,200
1779525434174,bid,0.21,632.91
1779525434174,bid,0.2,625
1779525434174,bid,0.19,1472
1779525434174,bid,0.18,4444.44
1779525434174,bid,0.16,3716.66
1779525434174,bid,0.15,6666.66
1779525434174,bid,0.14,3497.56
1779525434174,bid,0.13,8743.92
1779525434174,bid,0.12,2316
1779525434174,bid,0.11,11567
1779525434174,bid,0.1,800
1779525434174,bid,0.09,14444.44
1779525434174,bid,0.08,596.79
1779525434174,bid,0.07,24885.71
1779525434174,bid,0.06,1083.33
1779525434174,bid,0.04,41783
1779525434174,bid,0.02,122378
1779525434174,bid,0.01,1812.24
1779525434174,ask,0.43,30
1779525434174,ask,0.44,5.16
1779525434174,ask,0.45,329.87
1779525434174,ask,0.46,200
1779525434174,ask,0.48,87.28
1779525434174,ask,0.52,200
1779525434174,ask,0.54,200
1779525434174,ask,0.55,381.81
1779525434174,ask,0.56,200
1779525434174,ask,0.58,572.41
1779525434174,ask,0.65,351
1779525434174,ask,0.72,7
1779525434174,ask,0.73,333
1779525434174,ask,0.74,584
1779525434174,ask,0.75,2933.33
1779525434174,ask,0.76,3333.33
1779525434174,ask,0.78,3746.81
1779525434174,ask,0.79,5161.9
1779525434174,ask,0.8,500
1779525434174,ask,0.81,2822.22
1779525434174,ask,0.82,7055.55
1779525434174,ask,0.84,562
1779525434174,ask,0.85,8000.33
1779525434174,ask,0.86,214.28
1779525434174,ask,0.87,1250
1779525434174,ask,0.88,12700.33
1779525434174,ask,0.9,5428.87
1779525434174,ask,0.91,19655.55
1779525434174,ask,0.92,3945.31
1779525434174,ask,0.93,4619.96
1779525434174,ask,0.94,34509.37
1779525434174,ask,0.95,15840.39
1779525434174,ask,0.96,13984.5
1779525434174,ask,0.97,81954.39
1779525434174,ask,0.98,30499.05
1779525434174,ask,0.99,80218.75
1779525716875,bid,0.42,1780.87
1779525716875,bid,0.4,300
1779525716875,bid,0.39,1207.86
1779525716875,bid,0.38,2683.87
1779525716875,bid,0.37,200
1779525716875,bid,0.34,628.59
1779525716875,bid,0.31,200
1779525716875,bid,0.3,200
1779525716875,bid,0.21,951
1779525716875,bid,0.2,625
1779525716875,bid,0.19,1777.77
1779525716875,bid,0.18,5663.95
1779525716875,bid,0.16,4907.13
1779525716875,bid,0.15,6666.66
1779525716875,bid,0.14,3497.56
1779525716875,bid,0.13,8743.92
1779525716875,bid,0.12,1058.51
1779525716875,bid,0.11,11567
1779525716875,bid,0.1,800
1779525716875,bid,0.09,14444.44
1779525716875,bid,0.08,4758
1779525716875,bid,0.07,24885.71
1779525716875,bid,0.06,1083.33
1779525716875,bid,0.04,41783
1779525716875,bid,0.02,127228
1779525716875,bid,0.01,1812.24
1779525716875,ask,0.43,30
1779525716875,ask,0.44,5.16
1779525716875,ask,0.45,409.87
1779525716875,ask,0.46,200
1779525716875,ask,0.48,87.28
1779525716875,ask,0.51,22.94
1779525716875,ask,0.52,296.15
1779525716875,ask,0.54,200
1779525716875,ask,0.55,200
1779525716875,ask,0.56,200
1779525716875,ask,0.58,572.41
1779525716875,ask,0.65,351
1779525716875,ask,0.72,7
1779525716875,ask,0.73,946
1779525716875,ask,0.74,480
1779525716875,ask,0.75,2933.33
1779525716875,ask,0.76,3333.33
1779525716875,ask,0.77,395
1779525716875,ask,0.78,3346.81
1779525716875,ask,0.79,6427.72
1779525716875,ask,0.8,500
1779525716875,ask,0.81,2822.22
1779525716875,ask,0.82,7055.55
1779525716875,ask,0.83,605
1779525716875,ask,0.84,3200.13
1779525716875,ask,0.85,8000.33
1779525716875,ask,0.86,214.28
1779525716875,ask,0.87,1269.55
1779525716875,ask,0.88,12700.33
1779525716875,ask,0.9,2781.19
1779525716875,ask,0.91,19655.55
1779525716875,ask,0.92,3945.31
1779525716875,ask,0.93,4876.96
1779525716875,ask,0.94,34509.37
1779525716875,ask,0.95,15840.39
1779525716875,ask,0.96,13812.5
1779525716875,ask,0.97,81954.39
1779525716875,ask,0.98,30499.05
1779525716875,ask,0.99,80218.75
1779525892006,bid,0.42,1780.87
1779525892006,bid,0.4,300
1779525892006,bid,0.39,1207.86
1779525892006,bid,0.38,2683.87
1779525892006,bid,0.37,200
1779525892006,bid,0.34,628.59
1779525892006,bid,0.31,200
1779525892006,bid,0.3,200
1779525892006,bid,0.22,1271
1779525892006,bid,0.21,632.91
1779525892006,bid,0.2,625
1779525892006,bid,0.19,1777.77
1779525892006,bid,0.18,4444.44
1779525892006,bid,0.16,4907.13
1779525892006,bid,0.15,6666.66
1779525892006,bid,0.14,3497.56
1779525892006,bid,0.13,8743.92
1779525892006,bid,0.12,1058.51
1779525892006,bid,0.11,11567
1779525892006,bid,0.1,800
1779525892006,bid,0.09,14444.44
1779525892006,bid,0.08,4758
1779525892006,bid,0.07,24885.71
1779525892006,bid,0.06,1083.33
1779525892006,bid,0.04,41783
1779525892006,bid,0.02,127228
1779525892006,bid,0.01,1812.24
1779525892006,ask,0.43,30
1779525892006,ask,0.44,5.16
1779525892006,ask,0.45,409.87
1779525892006,ask,0.46,200
1779525892006,ask,0.48,87.28
1779525892006,ask,0.51,11.71
1779525892006,ask,0.52,296.15
1779525892006,ask,0.54,200
1779525892006,ask,0.55,200
1779525892006,ask,0.56,200
1779525892006,ask,0.58,572.41
1779525892006,ask,0.65,351
1779525892006,ask,0.72,7
1779525892006,ask,0.73,599
1779525892006,ask,0.74,813
1779525892006,ask,0.75,2933.33
1779525892006,ask,0.76,3333.33
1779525892006,ask,0.78,3346.81
1779525892006,ask,0.79,6427.72
1779525892006,ask,0.8,500
1779525892006,ask,0.81,2822.22
1779525892006,ask,0.82,7055.55
1779525892006,ask,0.83,605
1779525892006,ask,0.84,3200.13
1779525892006,ask,0.85,8000.33
1779525892006,ask,0.86,214.28
1779525892006,ask,0.87,1269.55
1779525892006,ask,0.88,12700.33
1779525892006,ask,0.9,2781.19
1779525892006,ask,0.91,19655.55
1779525892006,ask,0.92,3945.31
1779525892006,ask,0.93,4876.96
1779525892006,ask,0.94,34509.37
1779525892006,ask,0.95,15840.39
1779525892006,ask,0.96,13812.5
1779525892006,ask,0.97,81954.39
1779525892006,ask,0.98,30499.05
1779525892006,ask,0.99,80218.75
1779525989816,bid,0.42,1780.87
1779525989816,bid,0.4,300
1779525989816,bid,0.39,1207.86
1779525989816,bid,0.38,2683.87
1779525989816,bid,0.37,200
1779525989816,bid,0.34,628.59
1779525989816,bid,0.31,200
1779525989816,bid,0.3,200
1779525989816,bid,0.22,1271
1779525989816,bid,0.21,632.91
1779525989816,bid,0.2,625
1779525989816,bid,0.19,1777.77
1779525989816,bid,0.18,4444.44
1779525989816,bid,0.16,4907.13
1779525989816,bid,0.15,6666.66
1779525989816,bid,0.14,3497.56
1779525989816,bid,0.13,8743.92
1779525989816,bid,0.12,1058.51
1779525989816,bid,0.11,11567
1779525989816,bid,0.1,800
1779525989816,bid,0.09,14444.44
1779525989816,bid,0.08,4758
1779525989816,bid,0.07,24885.71
1779525989816,bid,0.06,1083.33
1779525989816,bid,0.04,41783
1779525989816,bid,0.02,127228
1779525989816,bid,0.01,1812.24
1779525989816,ask,0.43,30
1779525989816,ask,0.44,5.16
1779525989816,ask,0.45,409.87
1779525989816,ask,0.46,200
1779525989816,ask,0.48,87.28
1779525989816,ask,0.51,9.34
1779525989816,ask,0.52,296.15
1779525989816,ask,0.54,200
1779525989816,ask,0.55,200
1779525989816,ask,0.56,200
1779525989816,ask,0.58,572.41
1779525989816,ask,0.65,351
1779525989816,ask,0.72,7
1779525989816,ask,0.73,602
1779525989816,ask,0.74,813
1779525989816,ask,0.75,2933.33
1779525989816,ask,0.76,3333.33
1779525989816,ask,0.78,3346.81
1779525989816,ask,0.79,6427.72
1779525989816,ask,0.8,500
1779525989816,ask,0.81,2822.22
1779525989816,ask,0.82,7055.55
1779525989816,ask,0.83,605
1779525989816,ask,0.84,3200.13
1779525989816,ask,0.85,8000.33
1779525989816,ask,0.86,214.28
1779525989816,ask,0.87,1269.55
1779525989816,ask,0.88,12700.33
1779525989816,ask,0.9,2781.19
1779525989816,ask,0.91,19655.55
1779525989816,ask,0.92,3945.31
1779525989816,ask,0.93,4876.96
1779525989816,ask,0.94,34509.37
1779525989816,ask,0.95,15840.39
1779525989816,ask,0.96,13812.5
1779525989816,ask,0.97,81954.39
1779525989816,ask,0.98,30499.05
1779525989816,ask,0.99,80218.75
1779526342873,bid,0.42,1780.87
1779526342873,bid,0.4,300
1779526342873,bid,0.39,1207.86
1779526342873,bid,0.38,2683.87
1779526342873,bid,0.37,200
1779526342873,bid,0.34,628.59
1779526342873,bid,0.31,200
1779526342873,bid,0.3,200
1779526342873,bid,0.22,1271
1779526342873,bid,0.21,632.91
1779526342873,bid,0.2,625
1779526342873,bid,0.19,1777.77
1779526342873,bid,0.18,4444.44
1779526342873,bid,0.16,4907.13
1779526342873,bid,0.15,6666.66
1779526342873,bid,0.14,3497.56
1779526342873,bid,0.13,8743.92
1779526342873,bid,0.12,1058.51
1779526342873,bid,0.11,11567
1779526342873,bid,0.1,800
1779526342873,bid,0.09,14444.44
1779526342873,bid,0.08,4770
1779526342873,bid,0.07,24885.71
1779526342873,bid,0.06,1083.33
1779526342873,bid,0.04,41783
1779526342873,bid,0.02,127278
1779526342873,bid,0.01,1812.24
1779526342873,ask,0.43,30
1779526342873,ask,0.44,5.16
1779526342873,ask,0.45,409.87
1779526342873,ask,0.46,200
1779526342873,ask,0.48,87.28
1779526342873,ask,0.51,92.92
1779526342873,ask,0.52,296.15
1779526342873,ask,0.54,200
1779526342873,ask,0.55,200
1779526342873,ask,0.56,200
1779526342873,ask,0.58,572.41
1779526342873,ask,0.65,351
1779526342873,ask,0.72,306
1779526342873,ask,0.73,640
1779526342873,ask,0.74,480
1779526342873,ask,0.75,2933.33
1779526342873,ask,0.76,3333.33
1779526342873,ask,0.78,3346.81
1779526342873,ask,0.79,6427.72
1779526342873,ask,0.8,500
1779526342873,ask,0.81,2822.22
1779526342873,ask,0.82,7055.55
1779526342873,ask,0.83,629
1779526342873,ask,0.84,3200.13
1779526342873,ask,0.85,8000.33
1779526342873,ask,0.86,214.28
1779526342873,ask,0.87,1269.55
1779526342873,ask,0.88,12700.33
1779526342873,ask,0.9,2781.19
1779526342873,ask,0.91,19655.55
1779526342873,ask,0.92,3945.31
1779526342873,ask,0.93,4933.96
1779526342873,ask,0.94,34509.37
1779526342873,ask,0.95,15840.39
1779526342873,ask,0.96,13812.5
1779526342873,ask,0.97,81954.39
1779526342873,ask,0.98,30499.05
1779526342873,ask,0.99,80218.75
1779526465821,bid,0.42,1780.87
1779526465821,bid,0.4,300
1779526465821,bid,0.39,1207.86
1779526465821,bid,0.38,2683.87
1779526465821,bid,0.37,200
1779526465821,bid,0.34,628.59
1779526465821,bid,0.31,200
1779526465821,bid,0.3,200
1779526465821,bid,0.22,681
1779526465821,bid,0.21,632.91
1779526465821,bid,0.2,625
1779526465821,bid,0.19,1777.77
1779526465821,bid,0.18,4444.44
1779526465821,bid,0.16,4907.13
1779526465821,bid,0.15,6666.66
1779526465821,bid,0.14,3497.56
1779526465821,bid,0.13,8743.92
1779526465821,bid,0.12,1058.51
1779526465821,bid,0.11,11567
1779526465821,bid,0.1,800
1779526465821,bid,0.09,14444.44
1779526465821,bid,0.08,4758
1779526465821,bid,0.07,24885.71
1779526465821,bid,0.06,1083.33
1779526465821,bid,0.04,41783
1779526465821,bid,0.02,127228
1779526465821,bid,0.01,1812.24
1779526465821,ask,0.43,30
1779526465821,ask,0.44,5.16
1779526465821,ask,0.45,409.87
1779526465821,ask,0.46,200
1779526465821,ask,0.48,87.28
1779526465821,ask,0.51,100
1779526465821,ask,0.52,296.15
1779526465821,ask,0.54,200
1779526465821,ask,0.55,200
1779526465821,ask,0.56,200
1779526465821,ask,0.57,228.96
1779526465821,ask,0.58,572.41
1779526465821,ask,0.65,351
1779526465821,ask,0.72,7
1779526465821,ask,0.73,979
1779526465821,ask,0.74,480
1779526465821,ask,0.75,2933.33
1779526465821,ask,0.76,3333.33
1779526465821,ask,0.77,426
1779526465821,ask,0.78,3346.81
1779526465821,ask,0.79,6427.72
1779526465821,ask,0.8,500
1779526465821,ask,0.81,2822.22
1779526465821,ask,0.82,7055.55
1779526465821,ask,0.83,658
1779526465821,ask,0.84,2643.56
1779526465821,ask,0.85,8000.33
1779526465821,ask,0.86,214.28
1779526465821,ask,0.87,1269.55
1779526465821,ask,0.88,12700.33
1779526465821,ask,0.9,3108.8
1779526465821,ask,0.91,19655.55
1779526465821,ask,0.92,3945.31
1779526465821,ask,0.93,5048.96
1779526465821,ask,0.94,34509.37
1779526465821,ask,0.95,15840.39
1779526465821,ask,0.96,13812.5
1779526465821,ask,0.97,81954.39
1779526465821,ask,0.98,30499.05
1779526465821,ask,0.99,80218.75
1779526585178,bid,0.42,1769.76
1779526585178,bid,0.4,300
1779526585178,bid,0.39,1207.86
1779526585178,bid,0.38,2683.87
1779526585178,bid,0.37,200
1779526585178,bid,0.34,628.59
1779526585178,bid,0.31,200
1779526585178,bid,0.3,200
1779526585178,bid,0.22,908
1779526585178,bid,0.21,632.91
1779526585178,bid,0.2,625
1779526585178,bid,0.19,1777.77
1779526585178,bid,0.18,4444.44
1779526585178,bid,0.16,4907.13
1779526585178,bid,0.15,6666.66
1779526585178,bid,0.14,3497.56
1779526585178,bid,0.13,8743.92
1779526585178,bid,0.12,1058.51
1779526585178,bid,0.11,11567
1779526585178,bid,0.1,800
1779526585178,bid,0.09,14444.44
1779526585178,bid,0.08,4758
1779526585178,bid,0.07,24885.71
1779526585178,bid,0.06,1083.33
1779526585178,bid,0.04,41783
1779526585178,bid,0.02,127228
1779526585178,bid,0.01,1812.24
1779526585178,ask,0.43,30
1779526585178,ask,0.44,5.16
1779526585178,ask,0.45,409.87
1779526585178,ask,0.46,200
1779526585178,ask,0.48,87.28
1779526585178,ask,0.51,100
1779526585178,ask,0.52,296.15
1779526585178,ask,0.54,200
1779526585178,ask,0.55,200
1779526585178,ask,0.56,200
1779526585178,ask,0.57,228.96
1779526585178,ask,0.58,572.41
1779526585178,ask,0.65,351
1779526585178,ask,0.72,7
1779526585178,ask,0.73,958
1779526585178,ask,0.74,480
1779526585178,ask,0.75,2933.33
1779526585178,ask,0.76,3333.33
1779526585178,ask,0.77,408
1779526585178,ask,0.78,3346.81
1779526585178,ask,0.79,6427.72
1779526585178,ask,0.8,500
1779526585178,ask,0.81,2822.22
1779526585178,ask,0.82,7055.55
1779526585178,ask,0.83,635
1779526585178,ask,0.84,2643.56
1779526585178,ask,0.85,8000.33
1779526585178,ask,0.86,214.28
1779526585178,ask,0.87,1269.55
1779526585178,ask,0.88,12700.33
1779526585178,ask,0.9,3108.8
1779526585178,ask,0.91,19655.55
1779526585178,ask,0.92,3945.31
1779526585178,ask,0.93,4976.96
1779526585178,ask,0.94,34509.37
1779526585178,ask,0.95,15840.39
1779526585178,ask,0.96,13812.5
1779526585178,ask,0.97,81954.39
1779526585178,ask,0.98,30499.05
1779526585178,ask,0.99,80218.75
1779526698325,bid,0.42,1791.98
1779526698325,bid,0.4,300
1779526698325,bid,0.39,1207.86
1779526698325,bid,0.38,2683.87
1779526698325,bid,0.37,200
1779526698325,bid,0.34,628.59
1779526698325,bid,0.31,200
1779526698325,bid,0.3,200
1779526698325,bid,0.22,862
1779526698325,bid,0.21,632.91
1779526698325,bid,0.2,625
1779526698325,bid,0.19,1777.77
1779526698325,bid,0.18,4444.44
1779526698325,bid,0.16,4907.13
1779526698325,bid,0.15,6666.66
1779526698325,bid,0.14,3497.56
1779526698325,bid,0.13,8743.92
1779526698325,bid,0.12,1058.51
1779526698325,bid,0.11,11567
1779526698325,bid,0.1,800
1779526698325,bid,0.09,14444.44
1779526698325,bid,0.08,4758
1779526698325,bid,0.07,24885.71
1779526698325,bid,0.06,1083.33
1779526698325,bid,0.04,41783
1779526698325,bid,0.02,127228
1779526698325,bid,0.01,1812.24
1779526698325,ask,0.43,30
1779526698325,ask,0.44,5.16
1779526698325,ask,0.45,409.87
1779526698325,ask,0.46,200
1779526698325,ask,0.48,87.28
1779526698325,ask,0.51,100
1779526698325,ask,0.52,296.15
1779526698325,ask,0.54,200
1779526698325,ask,0.55,200
1779526698325,ask,0.56,200
1779526698325,ask,0.57,228.96
1779526698325,ask,0.58,572.41
1779526698325,ask,0.65,351
1779526698325,ask,0.72,7
1779526698325,ask,0.73,979
1779526698325,ask,0.74,480
1779526698325,ask,0.75,2933.33
1779526698325,ask,0.76,3333.33
1779526698325,ask,0.77,426
1779526698325,ask,0.78,3346.81
1779526698325,ask,0.79,6427.72
1779526698325,ask,0.8,500
1779526698325,ask,0.81,2822.22
1779526698325,ask,0.82,7055.55
1779526698325,ask,0.83,658
1779526698325,ask,0.84,2643.56
1779526698325,ask,0.85,8000.33
1779526698325,ask,0.86,214.28
1779526698325,ask,0.87,1269.55
1779526698325,ask,0.88,12700.33
1779526698325,ask,0.9,3108.8
1779526698325,ask,0.91,19655.55
1779526698325,ask,0.92,3945.31
1779526698325,ask,0.93,5048.96
1779526698325,ask,0.94,34509.37
1779526698325,ask,0.95,15840.39
1779526698325,ask,0.96,13812.5
1779526698325,ask,0.97,81954.39
1779526698325,ask,0.98,30499.05
1779526698325,ask,0.99,80218.75
1779527000091,bid,0.42,1780.87
1779527000091,bid,0.4,100
1779527000091,bid,0.39,1207.86
1779527000091,bid,0.38,2683.87
1779527000091,bid,0.37,200
1779527000091,bid,0.34,628.59
1779527000091,bid,0.31,200
1779527000091,bid,0.3,200
1779527000091,bid,0.22,862
1779527000091,bid,0.21,632.91
1779527000091,bid,0.2,625
1779527000091,bid,0.19,1777.77
1779527000091,bid,0.18,4444.44
1779527000091,bid,0.16,4907.13
1779527000091,bid,0.15,6666.66
1779527000091,bid,0.14,3497.56
1779527000091,bid,0.13,8743.92
1779527000091,bid,0.12,1058.51
1779527000091,bid,0.11,11567
1779527000091,bid,0.1,800
1779527000091,bid,0.09,14444.44
1779527000091,bid,0.08,4608
1779527000091,bid,0.07,24885.71
1779527000091,bid,0.06,1083.33
1779527000091,bid,0.04,41783
1779527000091,bid,0.02,126628
1779527000091,bid,0.01,1812.24
1779527000091,ask,0.43,30
1779527000091,ask,0.44,5.16
1779527000091,ask,0.45,409.87
1779527000091,ask,0.46,200
1779527000091,ask,0.48,87.28
1779527000091,ask,0.52,296.15
1779527000091,ask,0.54,200
1779527000091,ask,0.55,200
1779527000091,ask,0.56,200
1779527000091,ask,0.57,228.96
1779527000091,ask,0.58,572.41
1779527000091,ask,0.65,351
1779527000091,ask,0.72,7
1779527000091,ask,0.73,958
1779527000091,ask,0.74,480
1779527000091,ask,0.75,2933.33
1779527000091,ask,0.76,3333.33
1779527000091,ask,0.77,404
1779527000091,ask,0.78,3346.81
1779527000091,ask,0.79,6427.72
1779527000091,ask,0.8,500
1779527000091,ask,0.81,2822.22
1779527000091,ask,0.82,7055.55
1779527000091,ask,0.83,1270
1779527000091,ask,0.84,2643.56
1779527000091,ask,0.85,8000.33
1779527000091,ask,0.86,214.28
1779527000091,ask,0.87,1269.55
1779527000091,ask,0.88,12700.33
1779527000091,ask,0.9,3108.8
1779527000091,ask,0.91,19655.55
1779527000091,ask,0.92,3945.31
1779527000091,ask,0.93,4962.96
1779527000091,ask,0.94,34509.37
1779527000091,ask,0.95,15840.39
1779527000091,ask,0.96,13812.5
1779527000091,ask,0.97,81954.39
1779527000091,ask,0.98,30499.05
1779527000091,ask,0.99,80218.75
1779527124875,bid,0.42,1780.87
1779527124875,bid,0.4,100
1779527124875,bid,0.39,1207.86
1779527124875,bid,0.38,2683.87
1779527124875,bid,0.37,200
1779527124875,bid,0.34,628.59
1779527124875,bid,0.31,200
1779527124875,bid,0.3,200
1779527124875,bid,0.22,953
1779527124875,bid,0.21,632.91
1779527124875,bid,0.2,625
1779527124875,bid,0.19,1777.77
1779527124875,bid,0.18,4444.44
1779527124875,bid,0.16,4907.13
1779527124875,bid,0.15,6666.66
1779527124875,bid,0.14,3497.56
1779527124875,bid,0.13,8743.92
1779527124875,bid,0.12,1058.51
1779527124875,bid,0.11,11567
1779527124875,bid,0.1,800
1779527124875,bid,0.09,14444.44
1779527124875,bid,0.08,4608
1779527124875,bid,0.07,24885.71
1779527124875,bid,0.06,1083.33
1779527124875,bid,0.04,41783
1779527124875,bid,0.02,126628
1779527124875,bid,0.01,1812.24
1779527124875,ask,0.43,30
1779527124875,ask,0.44,5.16
1779527124875,ask,0.45,409.87
1779527124875,ask,0.46,200
1779527124875,ask,0.48,87.28
1779527124875,ask,0.52,296.15
1779527124875,ask,0.54,200
1779527124875,ask,0.55,200
1779527124875,ask,0.56,200
1779527124875,ask,0.57,228.96
1779527124875,ask,0.58,572.41
1779527124875,ask,0.65,351
1779527124875,ask,0.72,7
1779527124875,ask,0.73,958
1779527124875,ask,0.74,480
1779527124875,ask,0.75,2933.33
1779527124875,ask,0.76,3333.33
1779527124875,ask,0.77,413
1779527124875,ask,0.78,3346.81
1779527124875,ask,0.79,6427.72
1779527124875,ask,0.8,500
1779527124875,ask,0.81,2822.22
1779527124875,ask,0.82,7055.55
1779527124875,ask,0.83,641
1779527124875,ask,0.84,2643.56
1779527124875,ask,0.85,8000.33
1779527124875,ask,0.86,214.28
1779527124875,ask,0.87,1269.55
1779527124875,ask,0.88,12700.33
1779527124875,ask,0.9,3108.8
1779527124875,ask,0.91,19655.55
1779527124875,ask,0.92,3945.31
1779527124875,ask,0.93,4990.96
1779527124875,ask,0.94,34509.37
1779527124875,ask,0.95,15840.39
1779527124875,ask,0.96,13812.5
1779527124875,ask,0.97,81954.39
1779527124875,ask,0.98,30499.05
1779527124875,ask,0.99,80218.75
1779527237001,bid,0.42,1780.87
1779527237001,bid,0.4,100
1779527237001,bid,0.39,1207.86
1779527237001,bid,0.38,2683.87
1779527237001,bid,0.37,200
1779527237001,bid,0.34,628.59
1779527237001,bid,0.31,200
1779527237001,bid,0.3,200
1779527237001,bid,0.22,544
1779527237001,bid,0.21,632.91
1779527237001,bid,0.2,625
1779527237001,bid,0.19,1777.77
1779527237001,bid,0.18,4444.44
1779527237001,bid,0.16,4907.13
1779527237001,bid,0.15,6666.66
1779527237001,bid,0.14,3497.56
1779527237001,bid,0.13,8743.92
1779527237001,bid,0.12,1058.51
1779527237001,bid,0.11,11567
1779527237001,bid,0.1,800
1779527237001,bid,0.09,14444.44
1779527237001,bid,0.08,4608
1779527237001,bid,0.07,24885.71
1779527237001,bid,0.06,1083.33
1779527237001,bid,0.04,41783
1779527237001,bid,0.02,126628
1779527237001,bid,0.01,1812.24
1779527237001,ask,0.43,30
1779527237001,ask,0.44,5.16
1779527237001,ask,0.45,409.87
1779527237001,ask,0.46,200
1779527237001,ask,0.48,87.28
1779527237001,ask,0.51,99.99
1779527237001,ask,0.52,296.15
1779527237001,ask,0.54,200
1779527237001,ask,0.55,200
1779527237001,ask,0.56,200
1779527237001,ask,0.57,228.96
1779527237001,ask,0.58,572.41
1779527237001,ask,0.65,351
1779527237001,ask,0.72,7
1779527237001,ask,0.73,805
1779527237001,ask,0.74,480
1779527237001,ask,0.75,2933.33
1779527237001,ask,0.76,3333.33
1779527237001,ask,0.77,417
1779527237001,ask,0.78,3346.81
1779527237001,ask,0.79,6427.72
1779527237001,ask,0.8,500
1779527237001,ask,0.81,2822.22
1779527237001,ask,0.82,7055.55
1779527237001,ask,0.83,652
1779527237001,ask,0.84,2643.56
1779527237001,ask,0.85,8000.33
1779527237001,ask,0.86,214.28
1779527237001,ask,0.87,1269.55
1779527237001,ask,0.88,12700.33
1779527237001,ask,0.9,3108.8
1779527237001,ask,0.91,19655.55
1779527237001,ask,0.92,3945.31
1779527237001,ask,0.93,5019.96
1779527237001,ask,0.94,34509.37
1779527237001,ask,0.95,15840.39
1779527237001,ask,0.96,13812.5
1779527237001,ask,0.97,81954.39
1779527237001,ask,0.98,30499.05
1779527237001,ask,0.99,80218.75
1779527591108,bid,0.42,1769.76
1779527591108,bid,0.4,100
1779527591108,bid,0.39,1207.86
1779527591108,bid,0.38,2683.87
1779527591108,bid,0.37,200
1779527591108,bid,0.34,628.59
1779527591108,bid,0.31,200
1779527591108,bid,0.3,200
1779527591108,bid,0.22,1271
1779527591108,bid,0.21,632.91
1779527591108,bid,0.2,625
1779527591108,bid,0.19,1777.77
1779527591108,bid,0.18,4444.44
1779527591108,bid,0.16,4907.13
1779527591108,bid,0.15,6666.66
1779527591108,bid,0.14,3497.56
1779527591108,bid,0.13,8743.92
1779527591108,bid,0.12,1058.51
1779527591108,bid,0.11,11567
1779527591108,bid,0.1,800
1779527591108,bid,0.09,14444.44
1779527591108,bid,0.08,4595
1779527591108,bid,0.07,24885.71
1779527591108,bid,0.06,1083.33
1779527591108,bid,0.04,41783
1779527591108,bid,0.02,126578
1779527591108,bid,0.01,1812.24
1779527591108,ask,0.43,30
1779527591108,ask,0.44,5.16
1779527591108,ask,0.45,409.87
1779527591108,ask,0.46,200
1779527591108,ask,0.48,87.28
1779527591108,ask,0.51,85.92
1779527591108,ask,0.52,296.15
1779527591108,ask,0.54,200
1779527591108,ask,0.55,200
1779527591108,ask,0.56,200
1779527591108,ask,0.57,228.96
1779527591108,ask,0.58,572.41
1779527591108,ask,0.65,351
1779527591108,ask,0.72,295
1779527591108,ask,0.73,311
1779527591108,ask,0.74,813
1779527591108,ask,0.75,2933.33
1779527591108,ask,0.76,3333.33
1779527591108,ask,0.78,3346.81
1779527591108,ask,0.79,6427.72
1779527591108,ask,0.8,500
1779527591108,ask,0.81,2822.22
1779527591108,ask,0.82,7055.55
1779527591108,ask,0.83,658
1779527591108,ask,0.84,2643.56
1779527591108,ask,0.85,8000.33
1779527591108,ask,0.86,214.28
1779527591108,ask,0.87,1269.55
1779527591108,ask,0.88,12700.33
1779527591108,ask,0.9,3108.8
1779527591108,ask,0.91,19655.55
1779527591108,ask,0.92,3945.31
1779527591108,ask,0.93,5033.96
1779527591108,ask,0.94,34509.37
1779527591108,ask,0.95,15840.39
1779527591108,ask,0.96,13812.5
1779527591108,ask,0.97,81954.39
1779527591108,ask,0.98,30499.05
1779527591108,ask,0.99,80218.75
1779527704346,bid,0.42,1769.76
1779527704346,bid,0.4,100
1779527704346,bid,0.39,1207.86
1779527704346,bid,0.38,2683.87
1779527704346,bid,0.37,200
1779527704346,bid,0.34,628.59
1779527704346,bid,0.31,200
1779527704346,bid,0.3,200
1779527704346,bid,0.22,862
1779527704346,bid,0.21,632.91
1779527704346,bid,0.2,625
1779527704346,bid,0.19,1777.77
1779527704346,bid,0.18,4444.44
1779527704346,bid,0.16,4907.13
1779527704346,bid,0.15,6666.66
1779527704346,bid,0.14,3497.56
1779527704346,bid,0.13,8743.92
1779527704346,bid,0.12,1058.51
1779527704346,bid,0.11,11567
1779527704346,bid,0.1,800
1779527704346,bid,0.09,14444.44
1779527704346,bid,0.08,4595
1779527704346,bid,0.07,24885.71
1779527704346,bid,0.06,1083.33
1779527704346,bid,0.04,41783
1779527704346,bid,0.02,126578
1779527704346,bid,0.01,1812.24
1779527704346,ask,0.43,30
1779527704346,ask,0.44,5.16
1779527704346,ask,0.45,409.87
1779527704346,ask,0.46,200
1779527704346,ask,0.48,87.28
1779527704346,ask,0.51,100
1779527704346,ask,0.52,296.15
1779527704346,ask,0.54,200
1779527704346,ask,0.55,200
1779527704346,ask,0.56,200
1779527704346,ask,0.57,228.96
1779527704346,ask,0.58,572.41
1779527704346,ask,0.65,351
1779527704346,ask,0.73,979
1779527704346,ask,0.74,480
1779527704346,ask,0.75,2933.33
1779527704346,ask,0.76,3333.33
1779527704346,ask,0.77,426
1779527704346,ask,0.78,3346.81
1779527704346,ask,0.79,6427.72
1779527704346,ask,0.8,500
1779527704346,ask,0.81,2822.22
1779527704346,ask,0.82,7055.55
1779527704346,ask,0.83,658
1779527704346,ask,0.84,2643.56
1779527704346,ask,0.85,8000.33
1779527704346,ask,0.86,214.28
1779527704346,ask,0.87,1269.55
1779527704346,ask,0.88,12700.33
1779527704346,ask,0.9,3108.8
1779527704346,ask,0.91,19655.55
1779527704346,ask,0.92,3945.31
1779527704346,ask,0.93,6890.96
1779527704346,ask,0.94,34509.37
1779527704346,ask,0.95,15840.39
1779527704346,ask,0.96,13812.5
1779527704346,ask,0.97,81954.39
1779527704346,ask,0.98,30499.05
1779527704346,ask,0.99,80218.75
1779527821350,bid,0.42,1769.76
1779527821350,bid,0.4,100
1779527821350,bid,0.39,1207.86
1779527821350,bid,0.38,2683.87
1779527821350,bid,0.37,200
1779527821350,bid,0.34,628.59
1779527821350,bid,0.31,200
1779527821350,bid,0.3,200
1779527821350,bid,0.22,1271
1779527821350,bid,0.21,632.91
1779527821350,bid,0.2,625
1779527821350,bid,0.19,1777.77
1779527821350,bid,0.18,4444.44
1779527821350,bid,0.16,4907.13
1779527821350,bid,0.15,6666.66
1779527821350,bid,0.14,3497.56
1779527821350,bid,0.13,8743.92
1779527821350,bid,0.12,1058.51
1779527821350,bid,0.11,11567
1779527821350,bid,0.1,800
1779527821350,bid,0.09,14444.44
1779527821350,bid,0.08,4595
1779527821350,bid,0.07,24885.71
1779527821350,bid,0.06,1083.33
1779527821350,bid,0.04,41783
1779527821350,bid,0.02,126578
1779527821350,bid,0.01,1812.24
1779527821350,ask,0.43,30
1779527821350,ask,0.44,5.16
1779527821350,ask,0.45,409.87
1779527821350,ask,0.46,200
1779527821350,ask,0.48,87.28
1779527821350,ask,0.51,75.42
1779527821350,ask,0.52,296.15
1779527821350,ask,0.54,200
1779527821350,ask,0.55,200
1779527821350,ask,0.56,200
1779527821350,ask,0.57,228.96
1779527821350,ask,0.58,572.41
1779527821350,ask,0.65,351
1779527821350,ask,0.73,643
1779527821350,ask,0.74,480
1779527821350,ask,0.75,2933.33
1779527821350,ask,0.76,3333.33
1779527821350,ask,0.77,421
1779527821350,ask,0.78,3346.81
1779527821350,ask,0.79,6427.72
1779527821350,ask,0.8,500
1779527821350,ask,0.81,2822.22
1779527821350,ask,0.82,7055.55
1779527821350,ask,0.83,652
1779527821350,ask,0.84,2643.56
1779527821350,ask,0.85,8000.33
1779527821350,ask,0.86,214.28
1779527821350,ask,0.87,1269.55
1779527821350,ask,0.88,12700.33
1779527821350,ask,0.9,3108.8
1779527821350,ask,0.91,19655.55
1779527821350,ask,0.92,3945.31
1779527821350,ask,0.93,5033.96
1779527821350,ask,0.94,34509.37
1779527821350,ask,0.95,15840.39
1779527821350,ask,0.96,13812.5
1779527821350,ask,0.97,81954.39
1779527821350,ask,0.98,30499.05
1779527821350,ask,0.99,80218.75
1779527925402,bid,0.42,1769.76
1779527925402,bid,0.4,100
1779527925402,bid,0.39,1207.86
1779527925402,bid,0.38,2683.87
1779527925402,bid,0.37,200
1779527925402,bid,0.34,628.59
1779527925402,bid,0.31,200
1779527925402,bid,0.3,200
1779527925402,bid,0.22,953
1779527925402,bid,0.21,632.91
1779527925402,bid,0.2,625
1779527925402,bid,0.19,1777.77
1779527925402,bid,0.18,4444.44
1779527925402,bid,0.16,4907.13
1779527925402,bid,0.15,6666.66
1779527925402,bid,0.14,3497.56
1779527925402,bid,0.13,8743.92
1779527925402,bid,0.12,1058.51
1779527925402,bid,0.11,11567
1779527925402,bid,0.1,800
1779527925402,bid,0.09,14444.44
1779527925402,bid,0.08,4595
1779527925402,bid,0.07,24885.71
1779527925402,bid,0.06,1083.33
1779527925402,bid,0.04,41783
1779527925402,bid,0.02,126578
1779527925402,bid,0.01,1812.24
1779527925402,ask,0.43,30
1779527925402,ask,0.44,5.16
1779527925402,ask,0.45,409.87
1779527925402,ask,0.46,200
1779527925402,ask,0.48,87.28
1779527925402,ask,0.52,296.15
1779527925402,ask,0.54,200
1779527925402,ask,0.55,200
1779527925402,ask,0.56,200
1779527925402,ask,0.57,228.96
1779527925402,ask,0.58,572.41
1779527925402,ask,0.65,351
1779527925402,ask,0.73,958
1779527925402,ask,0.74,480
1779527925402,ask,0.75,2933.33
1779527925402,ask,0.76,3333.33
1779527925402,ask,0.77,404
1779527925402,ask,0.78,3346.81
1779527925402,ask,0.79,6427.72
1779527925402,ask,0.8,500
1779527925402,ask,0.81,2822.22
1779527925402,ask,0.82,7055.55
1779527925402,ask,0.83,1281
1779527925402,ask,0.84,2643.56
1779527925402,ask,0.85,8000.33
1779527925402,ask,0.86,214.28
1779527925402,ask,0.87,1269.55
1779527925402,ask,0.88,12700.33
1779527925402,ask,0.9,3108.8
1779527925402,ask,0.91,19655.55
1779527925402,ask,0.92,3945.31
1779527925402,ask,0.93,4962.96
1779527925402,ask,0.94,34509.37
1779527925402,ask,0.95,15840.39
1779527925402,ask,0.96,13812.5
1779527925402,ask,0.97,81954.39
1779527925402,ask,0.98,30499.05
1779527925402,ask,0.99,80218.75
1779528267632,bid,0.42,1769.76
1779528267632,bid,0.4,300
1779528267632,bid,0.39,1207.86
1779528267632,bid,0.38,2683.87
1779528267632,bid,0.37,200
1779528267632,bid,0.34,628.59
1779528267632,bid,0.31,200
1779528267632,bid,0.3,200
1779528267632,bid,0.22,1271
1779528267632,bid,0.21,632.91
1779528267632,bid,0.2,625
1779528267632,bid,0.19,1777.77
1779528267632,bid,0.18,4444.44
1779528267632,bid,0.16,4907.13
1779528267632,bid,0.15,6666.66
1779528267632,bid,0.14,3497.56
1779528267632,bid,0.13,8743.92
1779528267632,bid,0.12,1058.51
1779528267632,bid,0.11,11567
1779528267632,bid,0.1,800
1779528267632,bid,0.09,14444.44
1779528267632,bid,0.08,4745
1779528267632,bid,0.07,24885.71
1779528267632,bid,0.06,1083.33
1779528267632,bid,0.04,41783
1779528267632,bid,0.02,127178
1779528267632,bid,0.01,1812.24
1779528267632,ask,0.43,230
1779528267632,ask,0.44,5.16
1779528267632,ask,0.45,409.87
1779528267632,ask,0.46,200
1779528267632,ask,0.48,87.28
1779528267632,ask,0.52,296.15
1779528267632,ask,0.54,200
1779528267632,ask,0.55,200
1779528267632,ask,0.56,200
1779528267632,ask,0.57,228.96
1779528267632,ask,0.58,572.41
1779528267632,ask,0.65,351
1779528267632,ask,0.73,673
1779528267632,ask,0.74,480
1779528267632,ask,0.75,2933.33
1779528267632,ask,0.76,3333.33
1779528267632,ask,0.77,482
1779528267632,ask,0.78,3346.81
1779528267632,ask,0.79,6427.72
1779528267632,ask,0.8,500
1779528267632,ask,0.81,2822.22
1779528267632,ask,0.82,7055.55
1779528267632,ask,0.83,729
1779528267632,ask,0.84,2643.56
1779528267632,ask,0.85,8000.33
1779528267632,ask,0.86,214.28
1779528267632,ask,0.87,1269.55
1779528267632,ask,0.88,12700.33
1779528267632,ask,0.9,3108.8
1779528267632,ask,0.91,19655.55
1779528267632,ask,0.92,3945.31
1779528267632,ask,0.93,5219.96
1779528267632,ask,0.94,34509.37
1779528267632,ask,0.95,15840.39
1779528267632,ask,0.96,13812.5
1779528267632,ask,0.97,81954.39
1779528267632,ask,0.98,30499.05
1779528267632,ask,0.99,80218.75
1779528342844,bid,0.42,1769.76
1779528342844,bid,0.4,300
1779528342844,bid,0.39,1207.86
1779528342844,bid,0.38,2683.87
1779528342844,bid,0.37,200
1779528342844,bid,0.34,628.59
1779528342844,bid,0.31,200
1779528342844,bid,0.3,200
1779528342844,bid,0.22,1090
1779528342844,bid,0.21,632.91
1779528342844,bid,0.2,625
1779528342844,bid,0.19,1777.77
1779528342844,bid,0.18,4444.44
1779528342844,bid,0.16,4907.13
1779528342844,bid,0.15,6666.66
1779528342844,bid,0.14,3497.56
1779528342844,bid,0.13,8743.92
1779528342844,bid,0.12,1058.51
1779528342844,bid,0.11,11567
1779528342844,bid,0.1,800
1779528342844,bid,0.09,14444.44
1779528342844,bid,0.08,4745
1779528342844,bid,0.07,24885.71
1779528342844,bid,0.06,1083.33
1779528342844,bid,0.04,41783
1779528342844,bid,0.02,127178
1779528342844,bid,0.01,1812.24
1779528342844,ask,0.43,230
1779528342844,ask,0.44,335.03
1779528342844,ask,0.45,80
1779528342844,ask,0.46,200
1779528342844,ask,0.48,87.28
1779528342844,ask,0.52,200
1779528342844,ask,0.54,200
1779528342844,ask,0.55,200
1779528342844,ask,0.56,200
1779528342844,ask,0.57,228.96
1779528342844,ask,0.58,572.41
1779528342844,ask,0.65,351
1779528342844,ask,0.73,518
1779528342844,ask,0.74,1083.27
1779528342844,ask,0.75,2933.33
1779528342844,ask,0.76,3333.33
1779528342844,ask,0.77,465
1779528342844,ask,0.78,3346.81
1779528342844,ask,0.79,6427.72
1779528342844,ask,0.8,500
1779528342844,ask,0.81,2822.22
1779528342844,ask,0.82,7055.55
1779528342844,ask,0.83,705
1779528342844,ask,0.84,2643.56
1779528342844,ask,0.85,8000.33
1779528342844,ask,0.86,214.28
1779528342844,ask,0.87,1269.55
1779528342844,ask,0.88,12700.33
1779528342844,ask,0.9,3108.8
1779528342844,ask,0.91,19655.55
1779528342844,ask,0.92,3945.31
1779528342844,ask,0.93,5148.96
1779528342844,ask,0.94,34509.37
1779528342844,ask,0.95,15840.39
1779528342844,ask,0.96,13812.5
1779528342844,ask,0.97,81954.39
1779528342844,ask,0.98,30499.05
1779528342844,ask,0.99,80218.75
1779528503025,bid,0.42,1769.76
1779528503025,bid,0.41,270
1779528503025,bid,0.4,300
1779528503025,bid,0.39,1207.86
1779528503025,bid,0.38,2683.87
1779528503025,bid,0.37,200
1779528503025,bid,0.34,628.59
1779528503025,bid,0.31,200
1779528503025,bid,0.3,200
1779528503025,bid,0.22,862
1779528503025,bid,0.21,632.91
1779528503025,bid,0.2,625
1779528503025,bid,0.19,1777.77
1779528503025,bid,0.18,4444.44
1779528503025,bid,0.16,4907.13
1779528503025,bid,0.15,6666.66
1779528503025,bid,0.14,3497.56
1779528503025,bid,0.13,8743.92
1779528503025,bid,0.12,1058.51
1779528503025,bid,0.11,11867
1779528503025,bid,0.1,800
1779528503025,bid,0.09,14444.44
1779528503025,bid,0.08,5258
1779528503025,bid,0.07,24885.71
1779528503025,bid,0.06,1083.33
1779528503025,bid,0.04,41783
1779528503025,bid,0.02,129328
1779528503025,bid,0.01,1812.24
1779528503025,ask,0.43,30
1779528503025,ask,0.44,335.03
1779528503025,ask,0.45,80
1779528503025,ask,0.46,200
1779528503025,ask,0.48,87.28
1779528503025,ask,0.52,200
1779528503025,ask,0.54,200
1779528503025,ask,0.55,200
1779528503025,ask,0.56,200
1779528503025,ask,0.57,228.96
1779528503025,ask,0.58,572.41
1779528503025,ask,0.65,351
1779528503025,ask,0.73,560
1779528503025,ask,0.74,1083.27
1779528503025,ask,0.75,2933.33
1779528503025,ask,0.76,3333.33
1779528503025,ask,0.77,469
1779528503025,ask,0.78,3346.81
1779528503025,ask,0.79,6427.72
1779528503025,ask,0.8,500
1779528503025,ask,0.81,2822.22
1779528503025,ask,0.82,7055.55
1779528503025,ask,0.83,711
1779528503025,ask,0.84,2643.56
1779528503025,ask,0.85,8000.33
1779528503025,ask,0.86,214.28
1779528503025,ask,0.87,1269.55
1779528503025,ask,0.88,12700.33
1779528503025,ask,0.9,3108.8
1779528503025,ask,0.91,19655.55
1779528503025,ask,0.92,3945.31
1779528503025,ask,0.93,5162.96
1779528503025,ask,0.94,34509.37
1779528503025,ask,0.95,15840.39
1779528503025,ask,0.96,13812.5
1779528503025,ask,0.97,81954.39
1779528503025,ask,0.98,30499.05
1779528503025,ask,0.99,80218.75
1779528828995,bid,0.42,1669.76
1779528828995,bid,0.41,270
1779528828995,bid,0.4,140
1779528828995,bid,0.39,1207.86
1779528828995,bid,0.38,2683.87
1779528828995,bid,0.37,200
1779528828995,bid,0.34,628.59
1779528828995,bid,0.31,200
1779528828995,bid,0.3,200
1779528828995,bid,0.22,953
1779528828995,bid,0.21,632.91
1779528828995,bid,0.2,625
1779528828995,bid,0.19,1777.77
1779528828995,bid,0.18,4444.44
1779528828995,bid,0.16,4907.13
1779528828995,bid,0.15,6666.66
1779528828995,bid,0.14,3497.56
1779528828995,bid,0.13,8743.92
1779528828995,bid,0.12,1058.51
1779528828995,bid,0.11,11867
1779528828995,bid,0.1,800
1779528828995,bid,0.09,14444.44
1779528828995,bid,0.08,4758
1779528828995,bid,0.07,24885.71
1779528828995,bid,0.06,1083.33
1779528828995,bid,0.04,41783
1779528828995,bid,0.02,127228
1779528828995,bid,0.01,1812.24
1779528828995,ask,0.43,30
1779528828995,ask,0.44,335.03
1779528828995,ask,0.45,120
1779528828995,ask,0.46,200
1779528828995,ask,0.48,87.28
1779528828995,ask,0.52,200
1779528828995,ask,0.54,200
1779528828995,ask,0.55,200
1779528828995,ask,0.56,200
1779528828995,ask,0.57,228.96
1779528828995,ask,0.58,572.41
1779528828995,ask,0.65,351
1779528828995,ask,0.73,625
1779528828995,ask,0.74,1083.27
1779528828995,ask,0.75,2933.33
1779528828995,ask,0.76,3333.33
1779528828995,ask,0.77,404
1779528828995,ask,0.78,3346.81
1779528828995,ask,0.79,6427.72
1779528828995,ask,0.8,500
1779528828995,ask,0.81,2822.22
1779528828995,ask,0.82,7055.55
1779528828995,ask,0.83,629
1779528828995,ask,0.84,2643.56
1779528828995,ask,0.85,8000.33
1779528828995,ask,0.86,214.28
1779528828995,ask,0.87,1269.55
1779528828995,ask,0.88,12700.33
1779528828995,ask,0.9,3108.8
1779528828995,ask,0.91,19655.55
1779528828995,ask,0.92,3945.31
1779528828995,ask,0.93,4948.96
1779528828995,ask,0.94,34509.37
1779528828995,ask,0.95,15840.39
1779528828995,ask,0.96,13812.5
1779528828995,ask,0.97,81954.39
1779528828995,ask,0.98,30499.05
1779528828995,ask,0.99,80218.75
1779528968001,bid,0.42,1669.76
1779528968001,bid,0.41,270
1779528968001,bid,0.4,140
1779528968001,bid,0.39,1207.86
1779528968001,bid,0.38,2683.87
1779528968001,bid,0.37,200
1779528968001,bid,0.34,628.59
1779528968001,bid,0.31,200
1779528968001,bid,0.3,200
1779528968001,bid,0.22,1271
1779528968001,bid,0.21,632.91
1779528968001,bid,0.2,625
1779528968001,bid,0.19,1777.77
1779528968001,bid,0.18,4444.44
1779528968001,bid,0.16,4907.13
1779528968001,bid,0.15,6666.66
1779528968001,bid,0.14,3497.56
1779528968001,bid,0.13,8743.92
1779528968001,bid,0.12,1058.51
1779528968001,bid,0.11,11867
1779528968001,bid,0.1,800
1779528968001,bid,0.09,14444.44
1779528968001,bid,0.08,4758
1779528968001,bid,0.07,24885.71
1779528968001,bid,0.06,1083.33
1779528968001,bid,0.04,41783
1779528968001,bid,0.02,127228
1779528968001,bid,0.01,1812.24
1779528968001,ask,0.43,30
1779528968001,ask,0.44,335.03
1779528968001,ask,0.45,120
1779528968001,ask,0.46,200
1779528968001,ask,0.48,87.28
1779528968001,ask,0.52,200
1779528968001,ask,0.54,200
1779528968001,ask,0.55,200
1779528968001,ask,0.56,200
1779528968001,ask,0.57,228.96
1779528968001,ask,0.58,572.41
1779528968001,ask,0.65,351
1779528968001,ask,0.73,607
1779528968001,ask,0.74,1083.27
1779528968001,ask,0.75,2933.33
1779528968001,ask,0.76,3333.33
1779528968001,ask,0.78,3346.81
1779528968001,ask,0.79,6427.72
1779528968001,ask,0.8,500
1779528968001,ask,0.81,2822.22
1779528968001,ask,0.82,7055.55
1779528968001,ask,0.83,629
1779528968001,ask,0.84,2643.56
1779528968001,ask,0.85,8000.33
1779528968001,ask,0.86,214.28
1779528968001,ask,0.87,1269.55
1779528968001,ask,0.88,12700.33
1779528968001,ask,0.9,3108.8
1779528968001,ask,0.91,19655.55
1779528968001,ask,0.92,3945.31
1779528968001,ask,0.93,3191.96
1779528968001,ask,0.94,34509.37
1779528968001,ask,0.95,15840.39
1779528968001,ask,0.96,13812.5
1779528968001,ask,0.97,81954.39
1779528968001,ask,0.98,30499.05
1779528968001,ask,0.99,80218.75
1779529090006,bid,0.43,1170
1779529090006,bid,0.42,1469.76
1779529090006,bid,0.4,140
1779529090006,bid,0.39,1207.86
1779529090006,bid,0.38,2683.87
1779529090006,bid,0.37,200
1779529090006,bid,0.34,628.59
1779529090006,bid,0.31,200
1779529090006,bid,0.3,200
1779529090006,bid,0.22,181
1779529090006,bid,0.21,632.91
1779529090006,bid,0.2,625
1779529090006,bid,0.19,1777.77
1779529090006,bid,0.18,4944.44
1779529090006,bid,0.16,4907.13
1779529090006,bid,0.15,6666.66
1779529090006,bid,0.14,3497.56
1779529090006,bid,0.13,8743.92
1779529090006,bid,0.12,1058.51
1779529090006,bid,0.11,11867
1779529090006,bid,0.1,800
1779529090006,bid,0.09,14444.44
1779529090006,bid,0.08,5258
1779529090006,bid,0.07,24885.71
1779529090006,bid,0.06,1083.33
1779529090006,bid,0.04,41783
1779529090006,bid,0.03,14266
1779529090006,bid,0.02,107928
1779529090006,bid,0.01,1812.24
1779529090006,ask,0.43,30
1779529090006,ask,0.44,335.03
1779529090006,ask,0.45,40
1779529090006,ask,0.46,200
1779529090006,ask,0.48,87.28
1779529090006,ask,0.52,200
1779529090006,ask,0.54,200
1779529090006,ask,0.55,200
1779529090006,ask,0.56,200
1779529090006,ask,0.57,228.96
1779529090006,ask,0.58,572.41
1779529090006,ask,0.65,351
1779529090006,ask,0.73,318
1779529090006,ask,0.74,1083.27
1779529090006,ask,0.75,2933.33
1779529090006,ask,0.76,3333.33
1779529090006,ask,0.77,400
1779529090006,ask,0.78,3346.81
1779529090006,ask,0.79,6427.72
1779529090006,ask,0.8,500
1779529090006,ask,0.81,2822.22
1779529090006,ask,0.82,7055.55
1779529090006,ask,0.84,2643.56
1779529090006,ask,0.85,8000.33
1779529090006,ask,0.86,978.28
1779529090006,ask,0.87,1269.55
1779529090006,ask,0.88,12700.33
1779529090006,ask,0.9,3108.8
1779529090006,ask,0.91,19655.55
1779529090006,ask,0.92,3945.31
1779529090006,ask,0.93,4948.96
1779529090006,ask,0.94,36509.37
1779529090006,ask,0.95,15840.39
1779529090006,ask,0.96,13892.5
1779529090006,ask,0.97,81954.39
1779529090006,ask,0.98,30499.05
1779529090006,ask,0.99,80218.75
1779529205000,bid,0.43,1370
1779529205000,bid,0.42,1469.76
1779529205000,bid,0.4,140
1779529205000,bid,0.39,1207.86
1779529205000,bid,0.38,2683.87
1779529205000,bid,0.37,200
1779529205000,bid,0.34,628.59
1779529205000,bid,0.31,200
1779529205000,bid,0.3,200
1779529205000,bid,0.22,1090
1779529205000,bid,0.21,632.91
1779529205000,bid,0.2,625
1779529205000,bid,0.19,1777.77
1779529205000,bid,0.18,4944.44
1779529205000,bid,0.16,4907.13
1779529205000,bid,0.15,6666.66
1779529205000,bid,0.14,3497.56
1779529205000,bid,0.13,8743.92
1779529205000,bid,0.12,1058.51
1779529205000,bid,0.11,11867
1779529205000,bid,0.1,800
1779529205000,bid,0.09,14444.44
1779529205000,bid,0.08,5258
1779529205000,bid,0.07,24885.71
1779529205000,bid,0.06,1083.33
1779529205000,bid,0.04,41783
1779529205000,bid,0.03,14266
1779529205000,bid,0.02,107928
1779529205000,bid,0.01,1812.24
1779529205000,ask,0.43,30
1779529205000,ask,0.44,335.03
1779529205000,ask,0.45,40
1779529205000,ask,0.46,200
1779529205000,ask,0.48,87.28
1779529205000,ask,0.52,200
1779529205000,ask,0.54,200
1779529205000,ask,0.55,200
1779529205000,ask,0.56,200
1779529205000,ask,0.57,228.96
1779529205000,ask,0.58,572.41
1779529205000,ask,0.65,351
1779529205000,ask,0.73,307
1779529205000,ask,0.74,1083.27
1779529205000,ask,0.75,2933.33
1779529205000,ask,0.76,3333.33
1779529205000,ask,0.77,400
1779529205000,ask,0.78,3346.81
1779529205000,ask,0.79,6427.72
1779529205000,ask,0.8,500
1779529205000,ask,0.81,2822.22
1779529205000,ask,0.82,7055.55
1779529205000,ask,0.84,2643.56
1779529205000,ask,0.85,8000.33
1779529205000,ask,0.86,978.28
1779529205000,ask,0.87,1269.55
1779529205000,ask,0.88,12700.33
1779529205000,ask,0.9,3108.8
1779529205000,ask,0.91,19655.55
1779529205000,ask,0.92,3945.31
1779529205000,ask,0.93,4948.96
1779529205000,ask,0.94,36509.37
1779529205000,ask,0.95,15840.39
1779529205000,ask,0.96,13892.5
1779529205000,ask,0.97,81954.39
1779529205000,ask,0.98,30499.05
1779529205000,ask,0.99,80218.75
1779529575135,bid,0.43,1370
